
    <record>
      <recordSchema>marcxml</recordSchema>
      <recordPacking>xml</recordPacking>
      <recordData>
        <record xmlns="http://www.loc.gov/MARC21/slim">
          <leader>00628nam a22002177c 4500</leader>
          <controlfield tag="001">991023977889705501</controlfield>
          <controlfield tag="005">20201223014531.0</controlfield>
          <controlfield tag="008">021011s1975    mx ----- ---- 00| --spa d</controlfield>
          <datafield ind1=" " ind2=" " tag="035">
            <subfield code="a">(swissbib)002995840-41slsp_network</subfield>
          </datafield>
          <datafield ind1=" " ind2=" " tag="035">
            <subfield code="a">002995840</subfield>
            <subfield code="9">ExL</subfield>
          </datafield>
          <datafield ind1=" " ind2=" " tag="035">
            <subfield code="a">(IDSSG)000446002HSB01</subfield>
          </datafield>
          <datafield ind1=" " ind2=" " tag="035">
            <subfield code="a">R003254438</subfield>
          </datafield>
          <datafield ind1=" " ind2=" " tag="040">
            <subfield code="a">RERO labcud</subfield>
            <subfield code="b">ger</subfield>
            <subfield code="e">kids</subfield>
            <subfield code="d">CH-ZuSLS</subfield>
          </datafield>
          <datafield ind1="1" ind2=" " tag="100">
            <subfield code="a">Paz, Octavio</subfield>
          </datafield>
          <datafield ind1="1" ind2="0" tag="245">
            <subfield code="a">¿Aguila o sol?</subfield>
            <subfield code="c">Octavio Paz</subfield>
          </datafield>
          <datafield ind1=" " ind2="1" tag="264">
            <subfield code="a">México</subfield>
            <subfield code="b">Fondo de Cultura Económica</subfield>
            <subfield code="c">1975</subfield>
          </datafield>
          <datafield ind1=" " ind2=" " tag="300">
            <subfield code="a">122 S.</subfield>
          </datafield>
          <datafield ind1=" " ind2=" " tag="336">
            <subfield code="b">txt</subfield>
            <subfield code="2">rdacontent</subfield>
          </datafield>
          <datafield ind1=" " ind2=" " tag="337">
            <subfield code="b">n</subfield>
            <subfield code="2">rdamedia</subfield>
          </datafield>
          <datafield ind1=" " ind2=" " tag="338">
            <subfield code="b">nc</subfield>
            <subfield code="2">rdacarrier</subfield>
          </datafield>
          <datafield ind1="0" ind2=" " tag="490">
            <subfield code="a">Colección popular</subfield>
            <subfield code="v">123</subfield>
          </datafield>
          <datafield ind1="0" ind2="1" tag="852">
            <subfield code="a">41SLSP_HSG</subfield>
            <subfield code="6">994460020105506</subfield>
            <subfield code="9">P</subfield>
          </datafield>
        </record>
      </recordData>
      <recordIdentifier>991023977889705501</recordIdentifier>
      <recordPosition>2</recordPosition>
    </record>