
    <record>
      <recordSchema>marcxml</recordSchema>
      <recordPacking>xml</recordPacking>
      <recordData>
        <record xmlns="http://www.loc.gov/MARC21/slim">
          <leader>03929naa a2200457 c 4500</leader>
          <controlfield tag="001">991033701129705501</controlfield>
          <controlfield tag="005">20201227133510.0</controlfield>
          <controlfield tag="008">020214s1929    fr ||||| |||| 00| ||fre d</controlfield>
          <datafield ind1=" " ind2=" " tag="035">
            <subfield code="a">(swissbib)097555142-41slsp_network</subfield>
          </datafield>
          <datafield ind1=" " ind2=" " tag="035">
            <subfield code="a">097555142</subfield>
            <subfield code="9">ExL</subfield>
          </datafield>
          <datafield ind1=" " ind2=" " tag="035">
            <subfield code="a">(RERO)R003152261-41slsp</subfield>
          </datafield>
          <datafield ind1=" " ind2=" " tag="040">
            <subfield code="a">RERO nebpun</subfield>
            <subfield code="d">CH-ZuSLS</subfield>
          </datafield>
          <datafield ind1=" " ind2="7" tag="072">
            <subfield code="a">ar</subfield>
            <subfield code="2">rero</subfield>
          </datafield>
          <datafield ind1="1" ind2=" " tag="080">
            <subfield code="a">935.2UGA</subfield>
          </datafield>
          <datafield ind1="1" ind2=" " tag="100">
            <subfield code="a">Schaeffer, Claude</subfield>
            <subfield code="d">1898-1982</subfield>
            <subfield code="4">cre</subfield>
          </datafield>
          <datafield ind1="1" ind2="0" tag="245">
            <subfield code="a">&lt;&lt;La&gt;&gt; ... campagne de fouilles à Ras-Shamra</subfield>
            <subfield code="b">rapport et études préliminaires</subfield>
            <subfield code="c">F.-A. Claude Schaeffer ... ...</subfield>
          </datafield>
          <datafield ind1=" " ind2=" " tag="336">
            <subfield code="b">txt</subfield>
            <subfield code="2">rdacontent</subfield>
          </datafield>
          <datafield ind1=" " ind2=" " tag="337">
            <subfield code="b">n</subfield>
            <subfield code="2">rdamedia</subfield>
          </datafield>
          <datafield ind1=" " ind2=" " tag="338">
            <subfield code="b">nc</subfield>
            <subfield code="2">rdacarrier</subfield>
          </datafield>
          <datafield ind1=" " ind2=" " tag="500">
            <subfield code="a">Titre à partir de la 6e campagne (1934): "La ... campagne de fouilles à Ras-Shamra : (Ugarit) : rapport sommaire"; à partir de la 8e campagne: "La ... campagne de fouilles à Ras Shamra-Ugarit : rapport sommaire"</subfield>
          </datafield>
          <datafield ind1=" " ind2=" " tag="500">
            <subfield code="a">Dans cette série de tirés à part, chaque fasc. regroupe les articles parus dans "Syria" sur les campagnes archéologiques à Ras-Shamra-Ugarit, 1929-1939</subfield>
          </datafield>
          <datafield ind1=" " ind2=" " tag="500">
            <subfield code="a">"Les fouilles de Minet-el-Beida et de Ras Shamra" est le titre de la première campagne de fouilles à Ras-Shamra</subfield>
          </datafield>
          <datafield ind1=" " ind2=" " tag="500">
            <subfield code="a">Ill.</subfield>
          </datafield>
          <datafield ind1="0" ind2=" " tag="505">
            <subfield code="a">1ère : Les fouilles de Minet-el-Beida et de Ras Shamra : (campagne du printemps 1929) / F.-A. Schaeffer. Les tablettes de Ras Shamra / Ch. Virolleaud. - 1929, p. 285-310, f. de pl. LI-LXXX</subfield>
          </datafield>
          <datafield ind1="0" ind2=" " tag="505">
            <subfield code="a">2e : (printemps 1930) / F.-A. Claude Schaeffer, Charles Virolleaud, François Thureau-Dangin. - 1931. - P. 1-23, 193-266, 350-357, f. de pl. I-XIII, XVIII-LII</subfield>
          </datafield>
          <datafield ind1="0" ind2=" " tag="505">
            <subfield code="a">3e : (printemps 1931) / F.-A. Claude Schaeffer, Charles Virolleaud, François Thureau-Dangin. - 1933. - P. 1-27, 113-163, 233-241, f. de pl. I-XVI, XXV-XXX</subfield>
          </datafield>
          <datafield ind1="0" ind2=" " tag="505">
            <subfield code="a">4e : (printemps 1932) / F.-A. Claude Schaeffer, Charles Virolleaud, Edouard Dhorme. - 1933. - P. 93-151, 229-237, f. de pl. IX-XIX</subfield>
          </datafield>
          <datafield ind1="0" ind2=" " tag="505">
            <subfield code="a">5e : (printemps 1933) / F.-A. Claude Schaeffer, F. Thureau-Dangin, Charles Virolleaud. - 1934. - P. 105-154, 75-83, 226-251, f. de pl. XI-XVII</subfield>
          </datafield>
          <datafield ind1="0" ind2=" " tag="505">
            <subfield code="a">6e : (printemps 1934) / Claude F.-A. Schaeffer ... [et al.]. - 1935. - P. 141-176, 305-336, 29-45, 177-204, f. de pl. XXIX-XXXVI, XXXIX-XL, XI</subfield>
          </datafield>
          <datafield ind1="0" ind2=" " tag="505">
            <subfield code="a">7e : (printemps 1935) / Claude F.-A. Schaeffer, Ch. Virolleaud, R. Dussaud. - 1936. - P. 105-173, 247-266, 209-228, 59-66, 283-295, f. de pl. XIII-XXIV, LIV-LV</subfield>
          </datafield>
          <datafield ind1="0" ind2=" " tag="505">
            <subfield code="a">8e : (printemps 1936) / Claude F.-A. Schaeffer ; ... suivi d'études sur les textes et inscriptions par E. Forrer, F. Thureau-Dangin, Ch. Virolleaud. - 1937. - P. 125-173, 245-255, f. de pl. XVII-XXVII</subfield>
          </datafield>
          <datafield ind1="0" ind2=" " tag="505">
            <subfield code="a">9e : (printemps 1937) / Claude F.-A. Schaeffer ; ... suivi d'études sur les textes et inscriptions par R. Dussaud ... [et al.]. - 1938. - P. 193-255, 313-334, 183-185, 127-141, 335-344, 142-146, 38-46, f. de pl. XVIII-XXV, XXX-XXXVI</subfield>
          </datafield>
          <datafield ind1="0" ind2=" " tag="505">
            <subfield code="a">10e et 11e : (automne et hiver 1938-1939) / Claude F.-A. Schaeffer, G. Dossin, Ch. Virolleaud. - 1941. - P. 277-295, 169-176, 114-133, 123-151, 247-276, f. de pl. XLII-XLIII</subfield>
          </datafield>
          <datafield ind1=" " ind2=" " tag="580">
            <subfield code="a">In: Syria. - Paris. - 1929, p. 285-310; 1931, p. 1-23, 193-266, 350-357; 1932, p. 1-27, 113-163, 233-241; 1933, p. 93-151, 229-237; 1934, p. 75-83, 105-154, 226-251; 1934 et 1935, p.141-176, 305-336, 29-45, 177-204; 1935 et 1936, p. 105-173, 247-266, 209-228, 59-66, 283-295; 1937, p. 125-173, 245-255; 1938, p. 193-255, 313-334, 183-185, 127-141, 335-344, 142-146, 38-46; 1939 et 1940, p. 277-295, 169-176, 114-133, 123-151, 247-276</subfield>
          </datafield>
          <datafield ind1=" " ind2="7" tag="650">
            <subfield code="a">Archéologie</subfield>
            <subfield code="0">(RERO)A021101603</subfield>
            <subfield code="2">rero</subfield>
          </datafield>
          <datafield ind1=" " ind2="7" tag="651">
            <subfield code="a">Ougarit (Syrie)</subfield>
            <subfield code="0">(RERO)A010015834</subfield>
            <subfield code="2">rero</subfield>
          </datafield>
          <datafield ind1="1" ind2="2" tag="700">
            <subfield code="a">Virolleaud, Charles</subfield>
            <subfield code="t">&lt;&lt;Les&gt;&gt; tablettes de Ras Shamra</subfield>
          </datafield>
          <datafield ind1="1" ind2="2" tag="700">
            <subfield code="a">Schaeffer, Claude Frédéric-Armand</subfield>
            <subfield code="t">&lt;&lt;Les&gt;&gt; fouilles de Minet-el-Beida et de Ras Shamra</subfield>
          </datafield>
          <datafield ind1="1" ind2=" " tag="700">
            <subfield code="a">Virolleaud, Charles</subfield>
          </datafield>
          <datafield ind1="0" ind2=" " tag="773">
            <subfield code="t">Syria : revue d'art oriental et d'archéologie</subfield>
            <subfield code="g">1929, 285</subfield>
            <subfield code="g">yr:1929</subfield>
          </datafield>
          <datafield ind1="0" ind2="1" tag="852">
            <subfield code="a">41SLSP_UGE</subfield>
            <subfield code="6">991002835989705502</subfield>
            <subfield code="9">P</subfield>
          </datafield>
          <datafield ind1="0" ind2="1" tag="852">
            <subfield code="a">41SLSP_BCUFR</subfield>
            <subfield code="6">991002213969705509</subfield>
            <subfield code="9">P</subfield>
          </datafield>
          <datafield ind1="0" ind2="1" tag="852">
            <subfield code="a">41SLSP_VGE</subfield>
            <subfield code="6">991003416369705524</subfield>
            <subfield code="9">P</subfield>
          </datafield>
          <datafield ind1=" " ind2=" " tag="900">
            <subfield code="a">REROnoselfmerge</subfield>
          </datafield>
        </record>
      </recordData>
      <recordIdentifier>991033701129705501</recordIdentifier>
      <recordPosition>3</recordPosition>
    </record>