
    <record>
      <recordSchema>marcxml</recordSchema>
      <recordPacking>xml</recordPacking>
      <recordData>
        <record xmlns="http://www.loc.gov/MARC21/slim">
          <leader>01652nam a22003857c 4500</leader>
          <controlfield tag="001">991048036529705501</controlfield>
          <controlfield tag="005">20201224192019.0</controlfield>
          <controlfield tag="007">cr |||||||||||</controlfield>
          <controlfield tag="008">051018s1628    sz       m    00| | lat^^</controlfield>
          <datafield ind1=" " ind2=" " tag="019">
            <subfield code="a">Unikatsaufnahme, gesperrt für das Anhängen weiterer Signaturen</subfield>
            <subfield code="5">IDSBB/13.08.2020/bv,cpi</subfield>
          </datafield>
          <datafield ind1="7" ind2=" " tag="024">
            <subfield code="a">10.3931/e-rara-17515</subfield>
            <subfield code="2">doi</subfield>
          </datafield>
          <datafield ind1=" " ind2=" " tag="035">
            <subfield code="a">(swissbib)050416200-41slsp_network</subfield>
          </datafield>
          <datafield ind1=" " ind2=" " tag="035">
            <subfield code="a">050416200</subfield>
            <subfield code="9">ExL</subfield>
          </datafield>
          <datafield ind1=" " ind2=" " tag="035">
            <subfield code="a">(IDSBB)004101375DSV01</subfield>
          </datafield>
          <datafield ind1=" " ind2=" " tag="040">
            <subfield code="a">SzZuIDS BS/BE A100</subfield>
            <subfield code="e">kids</subfield>
            <subfield code="d">CH-ZuSLS</subfield>
          </datafield>
          <datafield ind1="1" ind2=" " tag="100">
            <subfield code="a">Melder, Johannes</subfield>
          </datafield>
          <datafield ind1="1" ind2="0" tag="245">
            <subfield code="a">... De hypercatharsi sive superpurgatione discursum medicum</subfield>
            <subfield code="c">pro summis in arte medica honoribus, privilegiis &amp; insignibus doctoralibus rite &amp; solemniter impetrandis publice disputandum &amp; ... ventilandum proponit Iohannes Melderus Ulmensis, ad diem 18. Augusti, anno M DC XXVIII. ...</subfield>
          </datafield>
          <datafield ind1=" " ind2="1" tag="264">
            <subfield code="a">Basileae</subfield>
            <subfield code="b">typis Ioh. Iacobi Genathii</subfield>
            <subfield code="c">[1628]</subfield>
          </datafield>
          <datafield ind1=" " ind2=" " tag="300">
            <subfield code="a">[20] S.</subfield>
            <subfield code="c">20 cm</subfield>
          </datafield>
          <datafield ind1=" " ind2=" " tag="336">
            <subfield code="b">txt</subfield>
            <subfield code="2">rdacontent</subfield>
          </datafield>
          <datafield ind1=" " ind2=" " tag="337">
            <subfield code="b">n</subfield>
            <subfield code="2">rdamedia</subfield>
          </datafield>
          <datafield ind1=" " ind2=" " tag="337">
            <subfield code="b">c</subfield>
            <subfield code="2">rdamedia</subfield>
          </datafield>
          <datafield ind1=" " ind2=" " tag="338">
            <subfield code="b">nc</subfield>
            <subfield code="2">rdacarrier</subfield>
          </datafield>
          <datafield ind1=" " ind2=" " tag="338">
            <subfield code="b">cr</subfield>
            <subfield code="2">rdacarrier</subfield>
          </datafield>
          <datafield ind1="0" ind2=" " tag="490">
            <subfield code="a">Disputationum Medicarum Basiliensium</subfield>
            <subfield code="v">T. 11, Nr. 73</subfield>
          </datafield>
          <datafield ind1=" " ind2=" " tag="500">
            <subfield code="a">Druckjahr nach der Datierung im Titel</subfield>
          </datafield>
          <datafield ind1=" " ind2=" " tag="500">
            <subfield code="a">Enth. 123 Thesen</subfield>
          </datafield>
          <datafield ind1=" " ind2=" " tag="502">
            <subfield code="a">Diss. med. Basel, 1628</subfield>
          </datafield>
          <datafield ind1="3" ind2=" " tag="510">
            <subfield code="a">VD17 7:696339E ; Husner: Verzeichnis bas. med. Univ.Schriften, Nr. 951</subfield>
          </datafield>
          <datafield ind1=" " ind2="7" tag="655">
            <subfield code="a">Hochschulschrift</subfield>
            <subfield code="2">gnd-content</subfield>
          </datafield>
          <datafield ind1="1" ind2=" " tag="700">
            <subfield code="a">Genath, Johann Jacob</subfield>
            <subfield code="d">1582-1654</subfield>
            <subfield code="e">Drucker</subfield>
            <subfield code="4">prt</subfield>
          </datafield>
          <datafield ind1=" " ind2=" " tag="751">
            <subfield code="a">Basel</subfield>
          </datafield>
          <datafield ind1="4" ind2=" " tag="856">
            <subfield code="u">http://dx.doi.org/10.3931/e-rara-17515</subfield>
            <subfield code="z">Digitalisat in e-rara</subfield>
          </datafield>
          <datafield ind1="0" ind2="1" tag="852">
            <subfield code="a">41SLSP_UBS</subfield>
            <subfield code="6">9941013750105504</subfield>
            <subfield code="9">P</subfield>
          </datafield>
          <datafield ind1=" " ind2=" " tag="900">
            <subfield code="a">IDSIxhybrid-el</subfield>
          </datafield>
          <datafield ind1=" " ind2=" " tag="900">
            <subfield code="a">IDSIxunikat</subfield>
          </datafield>
        </record>
      </recordData>
      <recordIdentifier>991048036529705501</recordIdentifier>
      <recordPosition>4</recordPosition>
    </record>