
    <record>
      <recordSchema>marcxml</recordSchema>
      <recordPacking>xml</recordPacking>
      <recordData>
        <record xmlns="http://www.loc.gov/MARC21/slim">
          <leader>05947njm a2200745 c 4500</leader>
          <controlfield tag="001">991132447849705501</controlfield>
          <controlfield tag="005">20201230230633.0</controlfield>
          <controlfield tag="007">sd z||g|||||||</controlfield>
          <controlfield tag="008">201011s1988    gw ||n              und^^</controlfield>
          <datafield ind1=" " ind2=" " tag="019">
            <subfield code="a">Datenimport aus BIBDIA ZB Solothurn</subfield>
            <subfield code="5">IDSBB/09.01.2019/A150/bmt</subfield>
          </datafield>
          <datafield ind1="0" ind2="2" tag="028">
            <subfield code="a">MD + GL 3301</subfield>
          </datafield>
          <datafield ind1="0" ind2="2" tag="028">
            <subfield code="a">MD+G L 3301</subfield>
          </datafield>
          <datafield ind1=" " ind2=" " tag="035">
            <subfield code="a">(swissbib)225010488-41slsp_network</subfield>
          </datafield>
          <datafield ind1=" " ind2=" " tag="035">
            <subfield code="a">225010488</subfield>
            <subfield code="9">ExL</subfield>
          </datafield>
          <datafield ind1=" " ind2=" " tag="035">
            <subfield code="a">(IDSBB)002169734DSV01</subfield>
          </datafield>
          <datafield ind1=" " ind2=" " tag="035">
            <subfield code="a">(IDSBB)006867869DSV01</subfield>
          </datafield>
          <datafield ind1=" " ind2=" " tag="035">
            <subfield code="a">(NEBIS)007489374EBI01</subfield>
          </datafield>
          <datafield ind1=" " ind2=" " tag="035">
            <subfield code="a">(OCoLC)20052970</subfield>
          </datafield>
          <datafield ind1=" " ind2=" " tag="040">
            <subfield code="a">SzZuIDS BS/BE A332</subfield>
            <subfield code="b">ger</subfield>
            <subfield code="e">kids</subfield>
            <subfield code="d">CH-ZuSLS</subfield>
          </datafield>
          <datafield ind1="0" ind2="4" tag="082">
            <subfield code="a">785.26193</subfield>
            <subfield code="2">22</subfield>
          </datafield>
          <datafield ind1="1" ind2=" " tag="100">
            <subfield code="a">Fontana, Giovanni Battista</subfield>
            <subfield code="6">880-01</subfield>
          </datafield>
          <datafield ind1="1" ind2=" " tag="880">
            <subfield code="a">Fontana, Giovanni Battista</subfield>
            <subfield code="d">1589-1631</subfield>
            <subfield code="6">100-01</subfield>
          </datafield>
          <datafield ind1="1" ind2="0" tag="245">
            <subfield code="a">... per flauto</subfield>
            <subfield code="b">italienische Blockflötenmusik des 17. Jahrhunderts.</subfield>
          </datafield>
          <datafield ind1=" " ind2="1" tag="264">
            <subfield code="a">Detmold</subfield>
            <subfield code="b">Musikproduktion Dabringhaus und Grimm</subfield>
            <subfield code="c">1988</subfield>
          </datafield>
          <datafield ind1=" " ind2=" " tag="300">
            <subfield code="a">1 Compact Disc</subfield>
            <subfield code="e">1 Begleitheft</subfield>
          </datafield>
          <datafield ind1=" " ind2=" " tag="336">
            <subfield code="b">prm</subfield>
            <subfield code="2">rdacontent</subfield>
          </datafield>
          <datafield ind1=" " ind2=" " tag="337">
            <subfield code="b">s</subfield>
            <subfield code="2">rdamedia</subfield>
          </datafield>
          <datafield ind1=" " ind2=" " tag="338">
            <subfield code="b">sd</subfield>
            <subfield code="2">rdacarrier</subfield>
          </datafield>
          <datafield ind1=" " ind2=" " tag="382">
            <subfield code="a">Blockflöte</subfield>
            <subfield code="n">2</subfield>
            <subfield code="a">Basso continuo</subfield>
            <subfield code="n">1</subfield>
            <subfield code="2">idsmusi</subfield>
          </datafield>
          <datafield ind1=" " ind2=" " tag="382">
            <subfield code="a">Blockflöte</subfield>
            <subfield code="n">1</subfield>
            <subfield code="a">Basso continuo</subfield>
            <subfield code="n">1</subfield>
            <subfield code="2">idsmusi</subfield>
          </datafield>
          <datafield ind1=" " ind2=" " tag="500">
            <subfield code="a">Inhalt: Sonata XVa für 2 Blockflöten und Basso continuo / Giovanni Battista Fontana -- Canzon für Blockflöte und Bc / Bartolomeo de Selma y Salaverde -- Canzona undecima "La Plettenberger" ; Canzona duodecima "La Todeschina" ; Canzona terza für 2 Blockflöten und Basso continuo / Girolamo Frescobaldi -- Ricercata für Blockflöte solo / Aurelio Virgiliano -- Monica für Cembalo / Bernardo Storace -- Vestiva i colli für Blockflöte und Bc / Francesco Rognoni, Giovanni Pierluigi da Palestrina -- Sonata prima a tre ; Sonata seconda, seconda tuono für 2 Blockflöten und Basso continuo / Francesco Turini -- Susan ung jour für Violoncello und Cembao / Bartolomeo de Selma y Salaverde, Orlando di Lasso -- La strada ; La Cattarina für 2 Blockflöten und Basso continuo / Tarquinio Mercula</subfield>
          </datafield>
          <datafield ind1="0" ind2="0" tag="505">
            <subfield code="t">Sonata Nr.15a [aus: Sonate a 1,2,3 per il violono o cornetto, fagotto, chitarone, violoncino, o simile altro istromento, 1641]</subfield>
            <subfield code="r">Giovanni Battista Fontana</subfield>
            <subfield code="t">Canzon [aus: Canzoni, fantasie e correnti da suonar ad 1,2,3,4..., 1638]</subfield>
            <subfield code="r">Bartolomeo Selma y Salaverde</subfield>
            <subfield code="t">Canzona Nr.12 : "La Todeschina" [aus: Primo libro delle conzoni ad 1,2,3 e 4 voci, accomodate per sonare ogni sorte de stromenti, 1628]</subfield>
            <subfield code="r">Girolamo Frescobaldi, Girolamo Frescobaldi</subfield>
            <subfield code="t">Canzona Nr.3 : "La Lucchesina" [aus: Primo libro delle conzoni ad 1,2,3 e 4 voci, accomodate per sonare ogni sorte de stromenti, 1628]</subfield>
            <subfield code="r">Girolamo Frescobaldi, Girolamo Frescobaldi</subfield>
            <subfield code="t">Canzona Nr.11 : "La Plettenberger" [aus: Primo libro delle conzoni ad 1,2,3 e 4 voci, accomodate per sonare ogni sorte de stromenti, 1628]</subfield>
            <subfield code="r">Girolamo Frescobaldi, Girolamo Frescobaldi</subfield>
            <subfield code="t">Ricercata Nr.6 [aus: Dolcimelo]</subfield>
            <subfield code="r">Aurelio Virgiliano, Girolamo Frescobaldi</subfield>
            <subfield code="t">"Monica" : Variationen für Cembalo solo [aus: Selva di varie composizioni d'intavolatura per cimbalo ed organo, 1664]</subfield>
            <subfield code="r">Bernardo Storace, Girolamo Frescobaldi</subfield>
            <subfield code="t">Vestiva i colli : Diminutionen für Sopraninstrumente [aus: Selva de varii passaggi, 1620]</subfield>
            <subfield code="r">Francesco Rognoni, Girolamo Frescobaldi</subfield>
            <subfield code="t">Sonate Nr. 1 a 3 [aus: Madrigali con alcune Sonate a 2 e 3, lib.1, 1621]</subfield>
            <subfield code="r">Francesco Turini, Girolamo Frescobaldi</subfield>
            <subfield code="t">Sonate Nr. 2 im 2.Ton [aus: Madrigali con alcune Sonate a 2 e 3, lib.1, 1621]</subfield>
            <subfield code="r">Francesco Turini, Girolamo Frescobaldi</subfield>
            <subfield code="t">Susan ung jour : Diminutionen für Bassinstrument</subfield>
            <subfield code="r">Bartolomeo Selma y Salaverde, Girolamo Frescobaldi</subfield>
            <subfield code="t">&lt;&lt;La&gt;&gt; Strada : Canzon [aus: Canzoni overo sonate concertante, lib.3, 1637]</subfield>
            <subfield code="r">Tarquinio Merula, Girolamo Frescobaldi</subfield>
            <subfield code="t">&lt;&lt;La&gt;&gt; Cattarina : Canzon [aus: Canzoni overo sonate concertante, lib.3, 1637]</subfield>
            <subfield code="r">Tarquinio Merula, Girolamo Frescobaldi</subfield>
          </datafield>
          <datafield ind1="0" ind2=" " tag="505">
            <subfield code="a">Fontana, Giovanni Battista / Sonaten (Blfl) / Sonata XVa (1641)</subfield>
          </datafield>
          <datafield ind1="0" ind2=" " tag="505">
            <subfield code="a">Frescobaldi, Girolamo / Canzona undecima "La Plettenberger" / Canzona duodecima "La Todeschina" / Canzona terza (Rom 1628)</subfield>
          </datafield>
          <datafield ind1="0" ind2=" " tag="505">
            <subfield code="a">Virgiliano, Aurelio / Ricercata</subfield>
          </datafield>
          <datafield ind1="0" ind2=" " tag="505">
            <subfield code="a">Storace, Bernardo / Variationen (Blfl) / Monica (Venedig 1664)</subfield>
          </datafield>
          <datafield ind1="0" ind2=" " tag="505">
            <subfield code="a">Rognoni, Francesco</subfield>
          </datafield>
          <datafield ind1="0" ind2=" " tag="505">
            <subfield code="a">Palestrina, Giovanni Pierluigi da / Vestiva i colli (Milano 1620) / Diminutionen für Sopraninstrument aus "Selva de varii passaggi"</subfield>
          </datafield>
          <datafield ind1="0" ind2=" " tag="505">
            <subfield code="a">Turini, Francesco / Sonaten (Blfl) / Sonata prima a tre / Sonaten (Blfl) / Sonata seconda, seconda tuono (Venedig 1621)</subfield>
          </datafield>
          <datafield ind1="0" ind2=" " tag="505">
            <subfield code="a">Selma y Salaverde, Bartolomeo de / Lasso, Orlando di / Susan ung jour (Venedig 1638) / Diminutionen für Bassinstrument s. o.</subfield>
          </datafield>
          <datafield ind1="0" ind2=" " tag="505">
            <subfield code="a">Merula, Tarquinio / "La Strada" / "La Cattarina" (Vendig 1637)</subfield>
          </datafield>
          <datafield ind1="0" ind2=" " tag="511">
            <subfield code="a">Ganassi-Consort, Köln</subfield>
          </datafield>
          <datafield ind1=" " ind2="7" tag="655">
            <subfield code="a">Sonate</subfield>
            <subfield code="2">idsmusg</subfield>
          </datafield>
          <datafield ind1=" " ind2="7" tag="655">
            <subfield code="a">Triosonate</subfield>
            <subfield code="2">idsmusg</subfield>
          </datafield>
          <datafield ind1=" " ind2="7" tag="655">
            <subfield code="z">Italien</subfield>
            <subfield code="2">idsmusg</subfield>
          </datafield>
          <datafield ind1=" " ind2="7" tag="655">
            <subfield code="y">17. Jh.</subfield>
            <subfield code="2">idsmusg</subfield>
          </datafield>
          <datafield ind1=" " ind2="7" tag="655">
            <subfield code="a">CD</subfield>
            <subfield code="2">gnd-carrier</subfield>
          </datafield>
          <datafield ind1=" " ind2=" " tag="690">
            <subfield code="a">Flöte</subfield>
            <subfield code="2">zbs-FS</subfield>
          </datafield>
          <datafield ind1=" " ind2=" " tag="690">
            <subfield code="a">Blockflöte (2), Basso continuo</subfield>
            <subfield code="2">ids-music</subfield>
          </datafield>
          <datafield ind1=" " ind2=" " tag="690">
            <subfield code="a">Blockflöte, Basso continuo</subfield>
            <subfield code="2">ids-music</subfield>
          </datafield>
          <datafield ind1=" " ind2=" " tag="690">
            <subfield code="a">Sonate</subfield>
            <subfield code="2">ids-music</subfield>
          </datafield>
          <datafield ind1=" " ind2=" " tag="690">
            <subfield code="a">Triosonate</subfield>
            <subfield code="2">ids-music</subfield>
          </datafield>
          <datafield ind1=" " ind2=" " tag="690">
            <subfield code="a">Italien</subfield>
            <subfield code="2">ids-music</subfield>
          </datafield>
          <datafield ind1=" " ind2=" " tag="690">
            <subfield code="a">17. Jh.</subfield>
            <subfield code="2">ids-music</subfield>
          </datafield>
          <datafield ind1="1" ind2=" " tag="700">
            <subfield code="a">Palestrina, Giovanni Pierluigi &lt;&lt;da&gt;&gt;</subfield>
            <subfield code="d">1525-1594</subfield>
          </datafield>
          <datafield ind1="1" ind2=" " tag="700">
            <subfield code="a">Lasso, Orlando &lt;&lt;di&gt;&gt;</subfield>
            <subfield code="d">1532-1594</subfield>
          </datafield>
          <datafield ind1="1" ind2="2" tag="700">
            <subfield code="a">Fontana, Giovanni Battista</subfield>
            <subfield code="d">1589-1631</subfield>
            <subfield code="t">Sonaten</subfield>
            <subfield code="m">Blfl 2 Bc</subfield>
            <subfield code="n">1641</subfield>
            <subfield code="n">Nr. 15</subfield>
          </datafield>
          <datafield ind1="1" ind2=" " tag="700">
            <subfield code="a">Frescobaldi, Girolamo</subfield>
            <subfield code="d">1583-1643</subfield>
          </datafield>
          <datafield ind1="1" ind2=" " tag="700">
            <subfield code="a">Merula, Tarquinio</subfield>
            <subfield code="d">1594-1665</subfield>
          </datafield>
          <datafield ind1="1" ind2=" " tag="700">
            <subfield code="a">Rognoni Taeggio, Francesco</subfield>
            <subfield code="d">-1625</subfield>
          </datafield>
          <datafield ind1="1" ind2=" " tag="700">
            <subfield code="a">Selma y Salaverde, Bartolomeo</subfield>
            <subfield code="d">1595-1638</subfield>
          </datafield>
          <datafield ind1="1" ind2=" " tag="700">
            <subfield code="a">Storace, Bernardo</subfield>
          </datafield>
          <datafield ind1="1" ind2=" " tag="700">
            <subfield code="a">Turini, Francesco</subfield>
            <subfield code="d">1589-1656</subfield>
          </datafield>
          <datafield ind1="1" ind2=" " tag="700">
            <subfield code="a">Virgiliano, Aurelio</subfield>
            <subfield code="d">1540-1600</subfield>
          </datafield>
          <datafield ind1="2" ind2=" " tag="710">
            <subfield code="a">Ganassi Consort</subfield>
          </datafield>
          <datafield ind1="0" ind2="1" tag="852">
            <subfield code="a">41SLSP_ZHK</subfield>
            <subfield code="6">990074893740205512</subfield>
            <subfield code="9">P</subfield>
          </datafield>
          <datafield ind1="0" ind2="1" tag="852">
            <subfield code="a">41SLSP_ZBS</subfield>
            <subfield code="6">9968678690105528</subfield>
            <subfield code="9">P</subfield>
          </datafield>
          <datafield ind1="0" ind2="1" tag="852">
            <subfield code="a">41SLSP_UBS</subfield>
            <subfield code="6">9921697340105504</subfield>
            <subfield code="9">P</subfield>
          </datafield>
        </record>
      </recordData>
      <recordIdentifier>991132447849705501</recordIdentifier>
      <recordPosition>5</recordPosition>
    </record>