
    <record>
      <recordSchema>marcxml</recordSchema>
      <recordPacking>xml</recordPacking>
      <recordData>
        <record xmlns="http://www.loc.gov/MARC21/slim">
          <leader>01562nam a2200385 c 4500</leader>
          <controlfield tag="001">991025508739705501</controlfield>
          <controlfield tag="005">20201222195801.0</controlfield>
          <controlfield tag="008">191121s2018    it a     |||| 000 0 ita|d</controlfield>
          <datafield ind1=" " ind2=" " tag="020">
            <subfield code="a">9788897594291</subfield>
          </datafield>
          <datafield ind1=" " ind2=" " tag="020">
            <subfield code="a">8897594298</subfield>
          </datafield>
          <datafield ind1=" " ind2=" " tag="035">
            <subfield code="a">(swissbib)076100790-41slsp_network</subfield>
          </datafield>
          <datafield ind1=" " ind2=" " tag="035">
            <subfield code="a">076100790</subfield>
            <subfield code="9">ExL</subfield>
          </datafield>
          <datafield ind1=" " ind2=" " tag="035">
            <subfield code="a">(IDSBB)007140689DSV01</subfield>
          </datafield>
          <datafield ind1=" " ind2=" " tag="035">
            <subfield code="a">(OCoLC)1128845542</subfield>
          </datafield>
          <datafield ind1=" " ind2=" " tag="040">
            <subfield code="a">DEBBG</subfield>
            <subfield code="b">ger</subfield>
            <subfield code="e">rda</subfield>
            <subfield code="d">CH-ZuSLS</subfield>
          </datafield>
          <datafield ind1=" " ind2=" " tag="044">
            <subfield code="a">it</subfield>
            <subfield code="c">IT</subfield>
          </datafield>
          <datafield ind1="1" ind2="4" tag="082">
            <subfield code="a">750</subfield>
            <subfield code="2">15</subfield>
          </datafield>
          <datafield ind1="1" ind2="4" tag="082">
            <subfield code="a">759</subfield>
            <subfield code="2">14</subfield>
          </datafield>
          <datafield ind1="0" ind2="0" tag="245">
            <subfield code="a">..... al glorioso che Terra Madre ha voluto richiamare nel suo grembo, lasciando noi inconsolabili ....</subfield>
            <subfield code="b">carteggio Pellizza - Giovanni Segantini, 1894-1899</subfield>
          </datafield>
          <datafield ind1=" " ind2="1" tag="264">
            <subfield code="a">Oggiono-Lecco</subfield>
            <subfield code="b">Cattaneo editore</subfield>
            <subfield code="c">2018</subfield>
          </datafield>
          <datafield ind1=" " ind2=" " tag="300">
            <subfield code="a">135 Seiten</subfield>
            <subfield code="b">Illustrationen</subfield>
          </datafield>
          <datafield ind1=" " ind2=" " tag="336">
            <subfield code="b">txt</subfield>
            <subfield code="2">rdacontent</subfield>
          </datafield>
          <datafield ind1=" " ind2=" " tag="337">
            <subfield code="b">n</subfield>
            <subfield code="2">rdamedia</subfield>
          </datafield>
          <datafield ind1=" " ind2=" " tag="338">
            <subfield code="b">nc</subfield>
            <subfield code="2">rdacarrier</subfield>
          </datafield>
          <datafield ind1="1" ind2=" " tag="490">
            <subfield code="a">Collana Carteggi Segantini</subfield>
            <subfield code="v">n. 2</subfield>
          </datafield>
          <datafield ind1=" " ind2=" " tag="500">
            <subfield code="a">Includes bibliographical references (pages 123-129)</subfield>
          </datafield>
          <datafield ind1="1" ind2="7" tag="600">
            <subfield code="a">Pellizza da Volpedo, Giuseppe</subfield>
            <subfield code="d">1868-1907</subfield>
            <subfield code="2">gnd</subfield>
          </datafield>
          <datafield ind1="1" ind2="7" tag="600">
            <subfield code="a">Segantini, Giovanni</subfield>
            <subfield code="d">1858-1899</subfield>
            <subfield code="2">gnd</subfield>
          </datafield>
          <datafield ind1="1" ind2="0" tag="600">
            <subfield code="a">Pellizza, Giuseppe</subfield>
            <subfield code="d">1868-1907</subfield>
            <subfield code="v">Correspondence</subfield>
          </datafield>
          <datafield ind1="1" ind2="0" tag="600">
            <subfield code="a">Segantini, Giovanni</subfield>
            <subfield code="d">1858-1899</subfield>
            <subfield code="v">Correspondence</subfield>
          </datafield>
          <datafield ind1=" " ind2="0" tag="650">
            <subfield code="a">Painters</subfield>
            <subfield code="z">Italy</subfield>
            <subfield code="v">Correspondence</subfield>
          </datafield>
          <datafield ind1=" " ind2="7" tag="655">
            <subfield code="a">Briefsammlung</subfield>
            <subfield code="y">1894-1899</subfield>
            <subfield code="2">gnd-content</subfield>
          </datafield>
          <datafield ind1="1" ind2=" " tag="700">
            <subfield code="a">Segantini, Giovanni</subfield>
            <subfield code="d">1858-1899</subfield>
            <subfield code="e">Verfasser</subfield>
            <subfield code="4">aut</subfield>
          </datafield>
          <datafield ind1="1" ind2=" " tag="700">
            <subfield code="a">Pellizza da Volpedo, Giuseppe</subfield>
            <subfield code="d">1868-1907</subfield>
            <subfield code="e">Verfasser</subfield>
            <subfield code="4">aut</subfield>
          </datafield>
          <datafield ind1=" " ind2=" " tag="830">
            <subfield code="a">Collana Carteggi Segantini</subfield>
            <subfield code="v">2</subfield>
            <subfield code="w">(IDSBB)007175106DSV01</subfield>
          </datafield>
          <datafield ind1="0" ind2="1" tag="852">
            <subfield code="a">41SLSP_UBS</subfield>
            <subfield code="6">9971406890105504</subfield>
            <subfield code="9">P</subfield>
          </datafield>
        </record>
      </recordData>
      <recordIdentifier>991025508739705501</recordIdentifier>
      <recordPosition>6</recordPosition>
    </record>