
    <record>
      <recordSchema>marcxml</recordSchema>
      <recordPacking>xml</recordPacking>
      <recordData>
        <record xmlns="http://www.loc.gov/MARC21/slim">
          <leader>01305nam  2200349 i 4500</leader>
          <controlfield tag="001">991170587976505501</controlfield>
          <controlfield tag="006">m     o  d |</controlfield>
          <controlfield tag="007">cr cnu||||||||</controlfield>
          <controlfield tag="008">170525s2015    sp      o     000 0 spa d</controlfield>
          <datafield ind1=" " ind2=" " tag="020">
            <subfield code="a">84-9116-123-6</subfield>
          </datafield>
          <datafield ind1=" " ind2=" " tag="035">
            <subfield code="a">(CKB)3710000001117762</subfield>
          </datafield>
          <datafield ind1=" " ind2=" " tag="035">
            <subfield code="a">(MiAaPQ)EBC4824479</subfield>
          </datafield>
          <datafield ind1=" " ind2=" " tag="035">
            <subfield code="a">(EXLCZ)993710000001117762</subfield>
          </datafield>
          <datafield ind1=" " ind2=" " tag="040">
            <subfield code="a">FINmELB</subfield>
            <subfield code="b">spa</subfield>
            <subfield code="e">rda</subfield>
            <subfield code="c">FINmELB</subfield>
          </datafield>
          <datafield ind1=" " ind2="4" tag="050">
            <subfield code="a">HT166</subfield>
            <subfield code="b">C6499 2015</subfield>
          </datafield>
          <datafield ind1=" " ind2=" " tag="080">
            <subfield code="a">711(460)</subfield>
          </datafield>
          <datafield ind1="0" ind2=" " tag="082">
            <subfield code="a">307.1216</subfield>
            <subfield code="2">23</subfield>
          </datafield>
          <datafield ind1="0" ind2="0" tag="245">
            <subfield code="a">·Cómo pueden ser sostenibles las ciudades conectadas? /</subfield>
            <subfield code="c">Eduard J. Álvarez-Palau [y otros 4] ; Mirela Fiori (editora).</subfield>
          </datafield>
          <datafield ind1=" " ind2="1" tag="264">
            <subfield code="a">Barcelona :</subfield>
            <subfield code="b">Editorial UOC,</subfield>
            <subfield code="c">2015.</subfield>
          </datafield>
          <datafield ind1=" " ind2=" " tag="300">
            <subfield code="a">1 online resource (71 páginas)</subfield>
          </datafield>
          <datafield ind1=" " ind2=" " tag="336">
            <subfield code="a">text</subfield>
            <subfield code="2">rdacontent</subfield>
          </datafield>
          <datafield ind1=" " ind2=" " tag="337">
            <subfield code="a">computer</subfield>
            <subfield code="2">rdamedia</subfield>
          </datafield>
          <datafield ind1=" " ind2=" " tag="338">
            <subfield code="a">online resource</subfield>
            <subfield code="2">rdacarrier</subfield>
          </datafield>
          <datafield ind1="1" ind2=" " tag="490">
            <subfield code="a">H2PAC</subfield>
          </datafield>
          <datafield ind1=" " ind2=" " tag="588">
            <subfield code="a">Description based on online resource; title from PDF title page (ebrary, viewed May 25, 2017).</subfield>
          </datafield>
          <datafield ind1=" " ind2="0" tag="650">
            <subfield code="a">City planning</subfield>
            <subfield code="x">Environmental aspects.</subfield>
          </datafield>
          <datafield ind1=" " ind2="4" tag="650">
            <subfield code="a">Urbanismo.</subfield>
          </datafield>
          <datafield ind1=" " ind2="4" tag="650">
            <subfield code="a">Conservación ambiental.</subfield>
          </datafield>
          <datafield ind1=" " ind2="4" tag="655">
            <subfield code="a">Libros electronicos.</subfield>
          </datafield>
          <datafield ind1="1" ind2=" " tag="700">
            <subfield code="a">Álvarez-Palau, Eduard J,</subfield>
            <subfield code="e">autor.</subfield>
          </datafield>
          <datafield ind1="1" ind2=" " tag="700">
            <subfield code="a">Fiori, Mirela,</subfield>
            <subfield code="e">editor.</subfield>
          </datafield>
          <datafield ind1="2" ind2=" " tag="797">
            <subfield code="a">e-libro, Corp.</subfield>
          </datafield>
          <datafield ind1=" " ind2="0" tag="830">
            <subfield code="a">H2PAC.</subfield>
          </datafield>
          <datafield ind1="0" ind2="1" tag="852">
            <subfield code="a">41SLSP_HSG</subfield>
            <subfield code="6">9911017189405506</subfield>
            <subfield code="9">E</subfield>
          </datafield>
          <datafield ind1=" " ind2=" " tag="906">
            <subfield code="a">BOOK</subfield>
          </datafield>
        </record>
      </recordData>
      <recordIdentifier>991170587976505501</recordIdentifier>
      <recordPosition>7</recordPosition>
    </record>