
    <record>
      <recordSchema>marcxml</recordSchema>
      <recordPacking>xml</recordPacking>
      <recordData>
        <record xmlns="http://www.loc.gov/MARC21/slim">
          <leader>01364ndm a22003492c 4500</leader>
          <controlfield tag="001">991004748849705501</controlfield>
          <controlfield tag="005">20201225164905.0</controlfield>
          <controlfield tag="007">he ||||||||||</controlfield>
          <controlfield tag="008">191211r19921759xx ||l |b||||||nn | zxx d</controlfield>
          <datafield ind1=" " ind2=" " tag="019">
            <subfield code="a">Datenimport Mikrofilmarchiv, SCB</subfield>
            <subfield code="5">IDSBB/11.12.2019/A332</subfield>
          </datafield>
          <datafield ind1=" " ind2=" " tag="035">
            <subfield code="a">(swissbib)072952202-41slsp_network</subfield>
          </datafield>
          <datafield ind1=" " ind2=" " tag="035">
            <subfield code="a">072952202</subfield>
            <subfield code="9">ExL</subfield>
          </datafield>
          <datafield ind1=" " ind2=" " tag="035">
            <subfield code="a">(IDSBB)007152327DSV01</subfield>
          </datafield>
          <datafield ind1=" " ind2=" " tag="040">
            <subfield code="a">SzZuIDS BS/BE A332</subfield>
            <subfield code="b">ger</subfield>
            <subfield code="e">rda</subfield>
            <subfield code="d">CH-ZuSLS</subfield>
          </datafield>
          <datafield ind1="1" ind2="4" tag="082">
            <subfield code="a">780</subfield>
            <subfield code="2">15</subfield>
          </datafield>
          <datafield ind1="1" ind2=" " tag="100">
            <subfield code="a">Sammartini, Giovanni Battista</subfield>
            <subfield code="d">1700-1775</subfield>
            <subfield code="e">Komponist</subfield>
            <subfield code="4">cmp</subfield>
          </datafield>
          <datafield ind1="1" ind2="0" tag="245">
            <subfield code="a">&lt;&lt;L&gt;&gt;'addolorata divina madre</subfield>
            <subfield code="b">Kantate zu Karwoche : Partiturabschrift von P. Sigismund Keller, Einsiedeln 1878</subfield>
          </datafield>
          <datafield ind1=" " ind2="0" tag="264">
            <subfield code="a">[Entstehungsort nicht ermittelbar]</subfield>
            <subfield code="b">[Erzeuger nicht ermittelbar]</subfield>
            <subfield code="c">1992</subfield>
          </datafield>
          <datafield ind1=" " ind2=" " tag="300">
            <subfield code="a">Mikrofiches</subfield>
          </datafield>
          <datafield ind1=" " ind2=" " tag="336">
            <subfield code="b">ntm</subfield>
            <subfield code="2">rdacontent</subfield>
          </datafield>
          <datafield ind1=" " ind2=" " tag="337">
            <subfield code="b">h</subfield>
            <subfield code="2">rdamedia</subfield>
          </datafield>
          <datafield ind1=" " ind2=" " tag="338">
            <subfield code="b">he</subfield>
            <subfield code="2">rdacarrier</subfield>
          </datafield>
          <datafield ind1=" " ind2=" " tag="348">
            <subfield code="a">Partitur</subfield>
            <subfield code="2">gnd-music</subfield>
          </datafield>
          <datafield ind1=" " ind2=" " tag="382">
            <subfield code="a">Singstimme</subfield>
            <subfield code="n">mehrere</subfield>
            <subfield code="a">Orchester</subfield>
            <subfield code="n">1</subfield>
            <subfield code="2">idsmusi</subfield>
          </datafield>
          <datafield ind1=" " ind2=" " tag="500">
            <subfield code="a">N.Jenkins &amp; B.Churgin, Sammartini WV, 1976, S.182-184 [WV 123].</subfield>
          </datafield>
          <datafield ind1=" " ind2=" " tag="534">
            <subfield code="p">Reproduktion von</subfield>
            <subfield code="c">1759</subfield>
            <subfield code="l">CH-E, 543.16</subfield>
          </datafield>
          <datafield ind1=" " ind2=" " tag="546">
            <subfield code="b">Liniennotation</subfield>
          </datafield>
          <datafield ind1=" " ind2="7" tag="655">
            <subfield code="a">Kantate</subfield>
            <subfield code="y">18. Jh.</subfield>
            <subfield code="2">idsmusg</subfield>
          </datafield>
          <datafield ind1=" " ind2=" " tag="690">
            <subfield code="a">SCB Mikrofilmarchiv</subfield>
            <subfield code="2">ubs-A2</subfield>
          </datafield>
          <datafield ind1=" " ind2=" " tag="690">
            <subfield code="a">Vokalmusik</subfield>
            <subfield code="2">ubs-A2</subfield>
          </datafield>
          <datafield ind1=" " ind2=" " tag="690">
            <subfield code="a">Kantate</subfield>
            <subfield code="q">Singstimme (mehrere), Orchester</subfield>
            <subfield code="t">18. Jh.</subfield>
            <subfield code="v">Noten</subfield>
            <subfield code="2">ids-music</subfield>
          </datafield>
          <datafield ind1="0" ind2="1" tag="852">
            <subfield code="a">41SLSP_UBS</subfield>
            <subfield code="6">9971523270105504</subfield>
            <subfield code="9">P</subfield>
          </datafield>
          <datafield ind1=" " ind2=" " tag="900">
            <subfield code="a">IDSDSStoppsignal FRED</subfield>
          </datafield>
        </record>
      </recordData>
      <recordIdentifier>991004748849705501</recordIdentifier>
      <recordPosition>8</recordPosition>
    </record>