
    <record>
      <recordSchema>marcxml</recordSchema>
      <recordPacking>xml</recordPacking>
      <recordData>
        <record xmlns="http://www.loc.gov/MARC21/slim">
          <leader>00878nam a2200265 c 4500</leader>
          <controlfield tag="001">991081686319705501</controlfield>
          <controlfield tag="005">20201225184324.0</controlfield>
          <controlfield tag="008">871023s1986    ly ||||| |||| 00| ||eng d</controlfield>
          <datafield ind1=" " ind2=" " tag="035">
            <subfield code="a">(swissbib)082171033-41slsp_network</subfield>
          </datafield>
          <datafield ind1=" " ind2=" " tag="035">
            <subfield code="a">082171033</subfield>
            <subfield code="9">ExL</subfield>
          </datafield>
          <datafield ind1=" " ind2=" " tag="035">
            <subfield code="a">(RERO)0898511-41slsp</subfield>
          </datafield>
          <datafield ind1=" " ind2=" " tag="040">
            <subfield code="a">RERO gevcjb</subfield>
            <subfield code="d">CH-ZuSLS</subfield>
          </datafield>
          <datafield ind1=" " ind2="7" tag="072">
            <subfield code="a">bo</subfield>
            <subfield code="2">rero</subfield>
          </datafield>
          <datafield ind1="1" ind2=" " tag="100">
            <subfield code="a">Siddiqi, M.A.</subfield>
            <subfield code="0">(RERO)A003829548</subfield>
            <subfield code="4">cre</subfield>
          </datafield>
          <datafield ind1="1" ind2="0" tag="245">
            <subfield code="a">'Araliaceae'</subfield>
            <subfield code="c">by M.A. Siddiqi ; ill. by M.Y. Saleem</subfield>
          </datafield>
          <datafield ind1=" " ind2="1" tag="264">
            <subfield code="a">Tripoli</subfield>
            <subfield code="b">Al-Faateh University - Department of Botany</subfield>
            <subfield code="c">1986</subfield>
          </datafield>
          <datafield ind1=" " ind2=" " tag="300">
            <subfield code="a">4 p.</subfield>
            <subfield code="b">ill.</subfield>
            <subfield code="c">24 cm</subfield>
          </datafield>
          <datafield ind1=" " ind2=" " tag="336">
            <subfield code="b">txt</subfield>
            <subfield code="2">rdacontent</subfield>
          </datafield>
          <datafield ind1=" " ind2=" " tag="337">
            <subfield code="b">n</subfield>
            <subfield code="2">rdamedia</subfield>
          </datafield>
          <datafield ind1=" " ind2=" " tag="338">
            <subfield code="b">nc</subfield>
            <subfield code="2">rdacarrier</subfield>
          </datafield>
          <datafield ind1="1" ind2=" " tag="490">
            <subfield code="a">Flora of Libya</subfield>
            <subfield code="v">123</subfield>
          </datafield>
          <datafield ind1=" " ind2="7" tag="650">
            <subfield code="a">Araliaceae [Taxonomie]</subfield>
            <subfield code="0">(RERO)A027247612</subfield>
            <subfield code="2">rero</subfield>
          </datafield>
          <datafield ind1=" " ind2="7" tag="651">
            <subfield code="a">Libye</subfield>
            <subfield code="2">idref</subfield>
          </datafield>
          <datafield ind1=" " ind2=" " tag="830">
            <subfield code="a">Flora of Libya</subfield>
            <subfield code="v">123</subfield>
            <subfield code="w">(RERO)0745461-41slsp</subfield>
          </datafield>
          <datafield ind1="0" ind2="1" tag="852">
            <subfield code="a">41SLSP_UNE</subfield>
            <subfield code="6">991004882449705517</subfield>
            <subfield code="9">P</subfield>
          </datafield>
          <datafield ind1="0" ind2="1" tag="852">
            <subfield code="a">41SLSP_VGE</subfield>
            <subfield code="6">991014538869705524</subfield>
            <subfield code="9">P</subfield>
          </datafield>
          <datafield ind1=" " ind2=" " tag="900">
            <subfield code="a">REROnoselfmerge</subfield>
          </datafield>
        </record>
      </recordData>
      <recordIdentifier>991081686319705501</recordIdentifier>
      <recordPosition>9</recordPosition>
    </record>