
    <record>
      <recordSchema>marcxml</recordSchema>
      <recordPacking>xml</recordPacking>
      <recordData>
        <record xmlns="http://www.loc.gov/MARC21/slim">
          <leader>05144nam  22004573i 4500</leader>
          <controlfield tag="001">991170695754205501</controlfield>
          <controlfield tag="005">20210429064203.0</controlfield>
          <controlfield tag="006">m     o  d |</controlfield>
          <controlfield tag="007">cr cnu||||||||</controlfield>
          <controlfield tag="008">210429s2016    xx      o     ||||0 ger d</controlfield>
          <datafield ind1=" " ind2=" " tag="020">
            <subfield code="a">9783110465099</subfield>
            <subfield code="q">(electronic bk.)</subfield>
          </datafield>
          <datafield ind1=" " ind2=" " tag="020">
            <subfield code="z">9783110464221</subfield>
          </datafield>
          <datafield ind1=" " ind2=" " tag="035">
            <subfield code="a">(MiAaPQ)EBC4768927</subfield>
          </datafield>
          <datafield ind1=" " ind2=" " tag="035">
            <subfield code="a">(Au-PeEL)EBL4768927</subfield>
          </datafield>
          <datafield ind1=" " ind2=" " tag="035">
            <subfield code="a">(CaPaEBR)ebr11316748</subfield>
          </datafield>
          <datafield ind1=" " ind2=" " tag="035">
            <subfield code="a">(CaONFJC)MIL967015</subfield>
          </datafield>
          <datafield ind1=" " ind2=" " tag="035">
            <subfield code="a">(OCoLC)962025695</subfield>
          </datafield>
          <datafield ind1=" " ind2=" " tag="035">
            <subfield code="a">(PZ_Ebook Central)EBC4768927</subfield>
          </datafield>
          <datafield ind1=" " ind2=" " tag="035">
            <subfield code="a">(EXLCZ)9917772514100041</subfield>
          </datafield>
          <datafield ind1=" " ind2=" " tag="040">
            <subfield code="a">MiAaPQ</subfield>
            <subfield code="b">eng</subfield>
            <subfield code="e">rda</subfield>
            <subfield code="e">pn</subfield>
            <subfield code="c">MiAaPQ</subfield>
            <subfield code="d">MiAaPQ</subfield>
          </datafield>
          <datafield ind1=" " ind2="4" tag="050">
            <subfield code="a">BT706.G365 2016</subfield>
          </datafield>
          <datafield ind1="0" ind2=" " tag="082">
            <subfield code="a">270.1092/2</subfield>
          </datafield>
          <datafield ind1="1" ind2=" " tag="100">
            <subfield code="a">Ganina, Natalija.</subfield>
          </datafield>
          <datafield ind1="1" ind2="0" tag="245">
            <subfield code="a">'Bräute Christi' :</subfield>
            <subfield code="b">Legenden und Traktate Aus Dem Straßburger Magdalenenkloster. Edition und Untersuchungen.</subfield>
          </datafield>
          <datafield ind1=" " ind2="1" tag="264">
            <subfield code="a">Berlin/Boston :</subfield>
            <subfield code="b">Walter de Gruyter GmbH,</subfield>
            <subfield code="c">2016.</subfield>
          </datafield>
          <datafield ind1=" " ind2="4" tag="264">
            <subfield code="c">©2016.</subfield>
          </datafield>
          <datafield ind1=" " ind2=" " tag="300">
            <subfield code="a">1 online resource (440 pages)</subfield>
          </datafield>
          <datafield ind1=" " ind2=" " tag="336">
            <subfield code="a">text</subfield>
            <subfield code="b">txt</subfield>
            <subfield code="2">rdacontent</subfield>
          </datafield>
          <datafield ind1=" " ind2=" " tag="337">
            <subfield code="a">computer</subfield>
            <subfield code="b">c</subfield>
            <subfield code="2">rdamedia</subfield>
          </datafield>
          <datafield ind1=" " ind2=" " tag="338">
            <subfield code="a">online resource</subfield>
            <subfield code="b">cr</subfield>
            <subfield code="2">rdacarrier</subfield>
          </datafield>
          <datafield ind1="1" ind2=" " tag="490">
            <subfield code="a">Kulturtopographie des Alemannischen Raums Ser. ;</subfield>
            <subfield code="v">v.7</subfield>
          </datafield>
          <datafield ind1="0" ind2=" " tag="505">
            <subfield code="a">Intro -- Inhalt -- 1 Untersuchungen zur Moskauer Sammelhandschrift -- 1.1 Der materielle Befund -- 1.1.1 Äußere Beschreibung -- 1.1.2 Datierung des Pergament- und Papierteils -- 1.1.3 Zum Erhaltungszustand -- 1.1.4 Blattabfolge -- 1.1.5 Ergebnisse der Restaurierung 2014 -- 1.2 Provenienz und spätere Geschichte der Handschrift -- 1.2.1 Das Straßburger Reuerinnenkloster und sein Literaturbetrieb -- 1.2.2 Zur Geschichte der Bibliothek des Generalstabs in Sankt Petersburg -- 1.2.3 Prominente Handschriftensammlungen in den Beständen der Bibliothek des Generalstabs -- 1.2.4 Eine Handschriftengruppe mit ähnlichen Besitzvermerken -- 1.2.5 Der Brand im Jahre 1900 -- 1.2.6 Das Schicksal der Bibliothek nach 1918 -- 1.3 Die Legendenhandschrift -- 1.3.1 Katharina Ingolt als Schreiberin -- 1.3.1.1 Schreibtätigkeit -- 1.3.1.2 Zur Biographie -- 1.3.1.3 Miniaturen in den Handschriften Katharina Ingolts -- 1.3.1.4 Die Bedeutung der Moskauer Legendenhandschrift im Kontext der Katharinenverehrung in St. Magdalena -- 1.3.2 Schreibsprache des Pergamentteils -- 1.3.3 Die Katharinenlegende -- 1.3.3.1 Zur Geschichte der Katharinenlegende -- 1.3.3.1.1 Der Katharinenkult -- 1.3.3.1.2 Die ›Passio‹: Griechisch und Latein -- 1.3.3.1.3 Die ›Conversio‹ und die mystische Vermählung -- 1.3.3.1.4 Die ›Nativitas‹ -- 1.3.3.1.5 Die deutschsprachigen Fassungen der Katharinenlegende -- 1.3.3.2 Zur Textgeschichte der ›Hodie‹-Version der Katharinenlegende -- 1.3.3.3 Mirakel der hl. Katharina -- 1.3.3.4 Die Überlieferung der ›Hodie‹-Version -- 1.3.3.5 Die Editionsprinzipien der ›Hodie‹-Version -- 1.3.4 Die Barbaralegende -- 1.3.4.1 Der Barbarakult -- 1.3.4.2 Zur Geschichte der Barbaralegende -- 1.3.4.3 Die Moskauer Barbaralegende -- 1.3.4.4 Mirakel der hl. Barbara -- 1.3.4.5 ›Ein geistliches Immergrünkränzlein‹ -- 1.4 Traktate Johannes Kreutzers -- 1.4.1 Zur Person Johannes Kreutzers.</subfield>
          </datafield>
          <datafield ind1="8" ind2=" " tag="505">
            <subfield code="a">1.4.2 OEuvre und Überlieferung -- 1.4.3 Parallelüberlieferung -- 1.4.3.1 Traktate (›Der Geistliche Mai‹, ›Die geistliche Ernte‹, ›Herbstmost I und II‹) -- 1.4.3.2 Andere Werke -- 1.4.4 Schreibsprache der Schriften Kreutzers in der Moskauer Handschrift -- 2. Edition -- 2.1 Zur Einrichtung der Ausgabe -- 2.2 Legenden -- 2.2.1 Katharinenlegende -- 2.2.2 Barbaralegende -- 2.3 Johannes Kreutzer -- 2.3.1 ›Geistlicher Mai‹ -- 2.3.2 ›Geistliche Ernte‹ -- 2.3.3 ›Herbstmost I‹ -- 2.3.4 ›Herbstmost II‹ -- 2.4 Anhänge zum ›Geistlichen Mai‹ -- 2.4.1 ›Sein Haupt ist das allerbeste Gold‹ -- 2.4.2 ›Quam pulchri sunt gressus tui‹ -- 2.4.3 ›Ein geistlicher Mai‹ -- 2.4.4 ›13. Lust des geistlichen Mai‹ -- 3. Stellenkommentar -- 4. Glossar -- Literaturverzeichnis -- Quellen -- Forschungsliteratur und moderne Textausgaben -- Internetportale und Datenbanken -- Abbildungen -- Register -- Namen/Personen, Werke, Orte -- Handschriftenverzeichnis.</subfield>
          </datafield>
          <datafield ind1=" " ind2=" " tag="520">
            <subfield code="a">the series plans to encourage research into the history of the literature, art and culture of the south-western German-speaking area. The methodology envisaged will work from manuscripts to direct attention to the social formations in which literature and art are produced, copied and received. The focus is on the Alemannic language area, thus on the monasteries, towns and cities of the Upper Rhine, Swabia and Switzerland..</subfield>
          </datafield>
          <datafield ind1=" " ind2=" " tag="588">
            <subfield code="a">Description based on publisher supplied metadata and other sources.</subfield>
          </datafield>
          <datafield ind1=" " ind2=" " tag="590">
            <subfield code="a">Electronic reproduction. Ann Arbor, Michigan : ProQuest Ebook Central, 2021. Available via World Wide Web. Access may be limited to ProQuest Ebook Central affiliated libraries.</subfield>
          </datafield>
          <datafield ind1=" " ind2="0" tag="650">
            <subfield code="a">Marriage--Religious aspects--Christianity--History of doctrines.</subfield>
          </datafield>
          <datafield ind1=" " ind2="4" tag="655">
            <subfield code="a">Electronic books.</subfield>
          </datafield>
          <datafield ind1="0" ind2="8" tag="776">
            <subfield code="i">Print version:</subfield>
            <subfield code="a">Ganina, Natalija</subfield>
            <subfield code="t">'Bräute Christi'</subfield>
            <subfield code="d">Berlin/Boston : Walter de Gruyter GmbH,c2016</subfield>
            <subfield code="z">9783110464221</subfield>
          </datafield>
          <datafield ind1="2" ind2=" " tag="797">
            <subfield code="a">ProQuest (Firm)</subfield>
          </datafield>
          <datafield ind1=" " ind2="0" tag="830">
            <subfield code="a">Kulturtopographie des Alemannischen Raums Ser.</subfield>
          </datafield>
        </record>
      </recordData>
      <recordIdentifier>991170695754205501</recordIdentifier>
      <recordPosition>10</recordPosition>
    </record>