
    <record>
      <recordSchema>marcxml</recordSchema>
      <recordPacking>xml</recordPacking>
      <recordData>
        <record xmlns="http://www.loc.gov/MARC21/slim">
          <leader>08183cam  22004453i 4500</leader>
          <controlfield tag="001">991170693389405501</controlfield>
          <controlfield tag="005">20210610083130.0</controlfield>
          <controlfield tag="006">m     o  d |</controlfield>
          <controlfield tag="007">cr cnu||||||||</controlfield>
          <controlfield tag="008">210610s2009    xx      o     ||||0 ger d</controlfield>
          <datafield ind1=" " ind2=" " tag="020">
            <subfield code="a">9783836625357</subfield>
            <subfield code="q">(electronic bk.)</subfield>
          </datafield>
          <datafield ind1=" " ind2=" " tag="020">
            <subfield code="z">9783836675352</subfield>
          </datafield>
          <datafield ind1=" " ind2=" " tag="035">
            <subfield code="a">(MiAaPQ)EBC595000</subfield>
          </datafield>
          <datafield ind1=" " ind2=" " tag="035">
            <subfield code="a">(Au-PeEL)EBL595000</subfield>
          </datafield>
          <datafield ind1=" " ind2=" " tag="035">
            <subfield code="a">(CaPaEBR)ebr10487485</subfield>
          </datafield>
          <datafield ind1=" " ind2=" " tag="035">
            <subfield code="a">(OCoLC)679421094</subfield>
          </datafield>
          <datafield ind1=" " ind2=" " tag="035">
            <subfield code="a">(PZ_Ebook Central)EBC595000</subfield>
          </datafield>
          <datafield ind1=" " ind2=" " tag="035">
            <subfield code="a">(EXLCZ)9917771076200041</subfield>
          </datafield>
          <datafield ind1=" " ind2=" " tag="040">
            <subfield code="a">MiAaPQ</subfield>
            <subfield code="b">eng</subfield>
            <subfield code="e">rda</subfield>
            <subfield code="e">pn</subfield>
            <subfield code="c">MiAaPQ</subfield>
            <subfield code="d">MiAaPQ</subfield>
          </datafield>
          <datafield ind1=" " ind2="4" tag="050">
            <subfield code="a">R726 -- .S73 2009eb</subfield>
          </datafield>
          <datafield ind1="0" ind2=" " tag="082">
            <subfield code="a">344.7304197;347.3044197</subfield>
          </datafield>
          <datafield ind1="1" ind2=" " tag="100">
            <subfield code="a">Stauter, Carmen.</subfield>
          </datafield>
          <datafield ind1="1" ind2="0" tag="245">
            <subfield code="a">'Der Arzt macht sowieso was er will' - Unterstützungsbedarf beim Erstellen einer Patientenverfügung :</subfield>
            <subfield code="b">Unterstützungsbedarf beim Erstellen einer Patientenverfügung.</subfield>
          </datafield>
          <datafield ind1=" " ind2="1" tag="264">
            <subfield code="a">Hamburg :</subfield>
            <subfield code="b">Diplomica Verlag,</subfield>
            <subfield code="c">2009.</subfield>
          </datafield>
          <datafield ind1=" " ind2="4" tag="264">
            <subfield code="c">©2009.</subfield>
          </datafield>
          <datafield ind1=" " ind2=" " tag="300">
            <subfield code="a">1 online resource (112 pages)</subfield>
          </datafield>
          <datafield ind1=" " ind2=" " tag="336">
            <subfield code="a">text</subfield>
            <subfield code="b">txt</subfield>
            <subfield code="2">rdacontent</subfield>
          </datafield>
          <datafield ind1=" " ind2=" " tag="337">
            <subfield code="a">computer</subfield>
            <subfield code="b">c</subfield>
            <subfield code="2">rdamedia</subfield>
          </datafield>
          <datafield ind1=" " ind2=" " tag="338">
            <subfield code="a">online resource</subfield>
            <subfield code="b">cr</subfield>
            <subfield code="2">rdacarrier</subfield>
          </datafield>
          <datafield ind1="0" ind2=" " tag="505">
            <subfield code="a">„Der Arzt macht sowieso was er will" -- Inhaltsübersicht -- Einleitung -- 1. Theorie -- 1.1 Die Patientenverfügung: juristische Hintergründe -- 1.1.1 Begriffsklärung -- 1.1.1.1 Patientenverfügung -- 1.1.1.2 Betreuungsverfügung -- 1.1.1.3 Vorsorgevollmacht -- 1.1.1.4 Sterbehilfe -- Passive Sterbehilfe -- Aktive Sterbehilfe -- 1.1.2 Rechtsentwicklung -- 1.1.2.1 Das „Recht auf den eigenen Tod" -- 1.1.2.2 Die „Patientenautonomie am Lebensende" -- 1.2 Öffentliche Stellungnahmen zur Patientenverfügung -- 1.2.1 Empfehlungen der wichtigsten Kommissionen -- 1.2.1.1 Arbeitsgruppe des Bundesjustizministeriums (10.06.2004) -- 1.2.1.2 Enquete-Kommission des Bundestages (13.09.2004) -- 1.2.1.3 Bioethik-Kommission Rheinland-Pfalz (23.04.2004) -- 1.2.1.4 Vergleich der drei Kommissions-Empfehlungen -- 1.2.2 Stellungnahmen der Kirchen -- 1.2.2.1 Die Kammer für Öffentliche Verantwortung der Evangelischen Kirche -- 1.2.2.2 Der Katholikenrat im Bistum Speyer (11.03.2006) -- 1.2.3 Stellungnahme des Nationalen Ethikrates -- 1.3 Der schwerkranke Mensch und die Institution -- 1.3.1 Die „singuläre" Interaktion zwischen Arzt und Patient -- 1.3.2 Foucault und die Macht zwischen Arzt und Patient -- 1.3.3 Vom Paternalismus zum „informed consent" -- 1.3.3.1 Die Entstehungsgeschichte des „informed consent" -- 1.3.3.2 Das ethische Fundament des Informed Consent -- 1.3.3.3 Patientenautonomie im Bereich der Pflege -- 1.3.4 Derzeitiger Diskussionsstand -- 1.3.4.1 Das Prinzip der Patientenautonomie -- 1.3.4.2 Einwände der Ärzteschaft gegen die Patientenverfügung -- 1.3.4.3 Vorschläge für sinnvolle Patientenverfügungen -- 2 Methode -- 2.1 Auswahl der Forschungsmethode -- 2.1.1 Das problemzentrierte Interview -- 2.1.2 Die Interview-Situation -- 2.2 Die Instrumente des problemzentrierten Interviews -- 2.2.1 Der Leitfaden -- 2.2.2 Die Tonbandaufzeichnung -- 2.2.3 Das Postskriptum.</subfield>
          </datafield>
          <datafield ind1="8" ind2=" " tag="505">
            <subfield code="a">2.2.4 Kurzfragebogen -- 2.3 Die Aufbereitung des Materials -- 2.3.1 Die zusammenfassende Transkription -- 2.3.2 Konstruktion deskriptiver Systeme -- 2.4 Die Auswertung -- 2.4.1 Die qualitative Inhaltsanalyse -- 2.4.2 Die kommunikative Validierung -- 3 Auswertung -- 3.1 Vorstellung der Interviewpartnerin -- 3.2 Zugang -- 3.2.1 „Man hört halt viel, auch im Fernsehen sieht man das" -- 3.3 Erfahrungswelt in dieser Lebenssituation -- 3.3.1 „Kopf hängen lassen nützt nichts" -- 3.3.2 „Ich hab ja schon alles vorbereitet" -- 3.3.3 „Deswegen bin ich auch noch ein bisschen unschlüssig" -- 3.3.4 „Der Arzt macht sowieso was er will" -- 3.3.5 „Da wird eine fremde Person einfach eingesetzt" -- 3.3.6 „Dann müssen se's aber auch mal festlegen" -- 3.3.7 „Das muss von jedem Arzt anerkannt werden" -- 3.3.8 „So stell ich mir das vor" -- 3.3.9 „Ich möchte das jetzt dieses Jahr machen" -- 3.3.10 „Da gibt's ja so viel, was man da alles machen muss" -- 3.3.11 „Die hat's allerdings nicht schriftlich" -- 3.4 Unterstützung -- 3.4.1 „Ja, da hätt' ich jemand" -- 3.4.2 „So müsste das sein" -- 4 Diskussion -- 4.1 Zugang -- 4.1.1 „Man hört halt viel, auch im Fernsehen sieht man das" -- 4.1.2 Fazit zum Zugang -- 4.2 Erfahrungswelt in dieser Lebenssituation -- 4.2.1 „Kopf hängen lassen nützt nichts - ich hab ja schon alles vorbereitet" -- 4.2.2 „Ein Arzt kann sagen, ich lehne das ab" -- 4.2.3 „Deswegen bin ich auch noch ein bisschen unschlüssig" -- 4.2.4 „Ja, die sagt immer, das wird rechtlich festgelegt - und was ist bis dahin?" -- 4.2.5 „Mit meinem Mann - damit er dann ja auch weiß" -- 4.2.6 „Damit man dann dieses Formular hat - für normale und für kranke mit Brustkrebs" -- 4.2.7 „Der Arzt macht sowieso, was er will" -- 4.2.8 „Da wird eine fremde Person einfach eingesetzt" -- 4.2.9 „Ich möchte das jetzt dieses Jahr machen".</subfield>
          </datafield>
          <datafield ind1="8" ind2=" " tag="505">
            <subfield code="a">4.2.10 „Da gibt's ja so viel, was man da alles machen muss" -- 4.2.11 „Die hat's allerdings nicht schriftlich" -- 4.2.12 Fazit zur Erfahrungswelt in dieser Lebenssituation -- 4.3 Unterstützung -- 4.3.1 „Ja, ich hätt' da jemand" -- 4.3.2 „So müsste das sein" -- 4.3.3 Fazit zur Unterstützung -- 4.4 Quintessenz -- 4.4.1 Juristische Regelung -- 4.4.2 Beziehungsaspekt -- 4.4.3 Unterstützung -- 4.4.4 Betreuungsverfügung/Vorsorgevollmacht -- 4.4.5 Machtaspekt -- 4.4.6 Abschließende Gedanken -- Implikationen für die Soziale Arbeit -- Literatur -- Die Autorin.</subfield>
          </datafield>
          <datafield ind1=" " ind2=" " tag="520">
            <subfield code="a">Der medizinische Fortschritt bietet heute auf der einen Seite vielen Patienten die Chance auf einen erwünschten Lebenserhalt, auf der anderen Seite schürt er in der Bevölkerung die Angst vor Übertherapie und sinnloser Leidensverlängerung am Ende des Lebens. Der Wunsch nach einem selbstbestimmten Sterben kann sich im Verfassen einer Patientenverfügung manifestieren.  Das Erstellen einer Patientenverfügung stellt jedoch hohe Anforderungen an den Einzelnen, und die zu ergründen, ist Teil dieses Buches .Um diese zu erfassen führte ich Interviews mit vier an Krebs erkrankten Frauen, die sich mit dem Thema bereits intensiv beschäftigt haben. Mein Interesse galt beispielsweise Fragen wie: Wie muss eine sinnvolle und umfassende Beratung zur Patientenverfügung gestaltet sein, und welche Inhalte sind notwendig? Inwieweit ist eine spezielle Patientenverfügung für Krebsbetroffene sinnvoll? Kann die Soziale Arbeit einen Beitrag zur Beratung leisten, bzw. sie zu ihrem Aufgabenfeld hinzufügen? Was ist der Hintergrund für die Diskrepanz zwischen der großen Zahl jener Menschen, die eine Patientenverfügung für sinnvoll erachten, und der geringen Zahl derer, die tatsächlich eine solche für sich verfasst haben? In einem einführenden Kapitel erfolgt zunächst eine Erklärung der juristischen Hintergründe zur Patientenverfügung. Danach werden die Stellungnahmen von eigens einberufenen Regierungskommissionen sowie der Kirchen und des Nationalen Ethikrates erläutert. Das Hauptaugenmerk dieses theoretischen Kapitels liegt anschließend auf dem einzelnen Menschen in der Institution "Medizin": hier wird insbesondere die Beziehung zwischen Arzt und Patient aus verschiedenen Blickwinkeln beleuchtet. Im zweiten Kapitel soll die gewählte methodische Vorgehensweise des Interviews vorgestellt werden. Daran anknüpfend erfolgt im dritten Kapitel die Auswertung des Interviews, die im</subfield>
          </datafield>
          <datafield ind1="8" ind2=" " tag="520">
            <subfield code="a">vierten diskutiert wird. Das Buch schließt in einem fünften Kapitel mit den aus den Ergebnissen resultierenden Implikationen für die Soziale Arbeit.</subfield>
          </datafield>
          <datafield ind1=" " ind2=" " tag="588">
            <subfield code="a">Description based on publisher supplied metadata and other sources.</subfield>
          </datafield>
          <datafield ind1=" " ind2=" " tag="590">
            <subfield code="a">Electronic reproduction. Ann Arbor, Michigan : ProQuest Ebook Central, 2021. Available via World Wide Web. Access may be limited to ProQuest Ebook Central affiliated libraries.</subfield>
          </datafield>
          <datafield ind1=" " ind2="0" tag="650">
            <subfield code="a">Living wills.</subfield>
          </datafield>
          <datafield ind1=" " ind2="4" tag="655">
            <subfield code="a">Electronic books.</subfield>
          </datafield>
          <datafield ind1="0" ind2="8" tag="776">
            <subfield code="i">Print version:</subfield>
            <subfield code="a">Stauter, Carmen</subfield>
            <subfield code="t">'Der Arzt macht sowieso was er will' - Unterstützungsbedarf beim Erstellen einer Patientenverfügung</subfield>
            <subfield code="d">Hamburg : Diplomica Verlag,c2009</subfield>
            <subfield code="z">9783836675352</subfield>
          </datafield>
          <datafield ind1="2" ind2=" " tag="797">
            <subfield code="a">ProQuest (Firm)</subfield>
          </datafield>
        </record>
      </recordData>
      <recordIdentifier>991170693389405501</recordIdentifier>
      <recordPosition>12</recordPosition>
    </record>