
    <record>
      <recordSchema>marcxml</recordSchema>
      <recordPacking>xml</recordPacking>
      <recordData>
        <record xmlns="http://www.loc.gov/MARC21/slim">
          <leader>00848ncm a2200241uc 4500</leader>
          <controlfield tag="001">991002932199705501</controlfield>
          <controlfield tag="005">20201223202652.0</controlfield>
          <controlfield tag="008">940715nuuuuuuuuxx ||z              und^^</controlfield>
          <datafield ind1="2" ind2="2" tag="028">
            <subfield code="a">41603 - 41605 ; Ed.Nr.: 266 - 268</subfield>
            <subfield code="q">zus.gebunden</subfield>
          </datafield>
          <datafield ind1=" " ind2=" " tag="035">
            <subfield code="a">(swissbib)037785516-41slsp_network</subfield>
          </datafield>
          <datafield ind1=" " ind2=" " tag="035">
            <subfield code="a">037785516</subfield>
            <subfield code="9">ExL</subfield>
          </datafield>
          <datafield ind1=" " ind2=" " tag="035">
            <subfield code="a">(IDSBB)002124277DSV01</subfield>
          </datafield>
          <datafield ind1=" " ind2=" " tag="040">
            <subfield code="a">SzZuIDS BS/BE A332</subfield>
            <subfield code="b">ger</subfield>
            <subfield code="e">kids</subfield>
            <subfield code="d">CH-ZuSLS</subfield>
          </datafield>
          <datafield ind1="1" ind2=" " tag="100">
            <subfield code="a">Gurlitt, Cornelius</subfield>
            <subfield code="d">1820-1901</subfield>
          </datafield>
          <datafield ind1="1" ind2="0" tag="245">
            <subfield code="a">&lt;&lt;L&gt;&gt;'Ecole des Agréments</subfield>
            <subfield code="b">op.145, cahier 1,2,3</subfield>
          </datafield>
          <datafield ind1="1" ind2="3" tag="246">
            <subfield code="a">&lt;&lt;Die&gt;&gt; Schule der Verzierungen</subfield>
            <subfield code="b">für Klavier</subfield>
          </datafield>
          <datafield ind1=" " ind2="1" tag="264">
            <subfield code="a">Leipzig</subfield>
            <subfield code="a">Bruxelles</subfield>
            <subfield code="b">Aug. Cranz</subfield>
            <subfield code="c">[Erscheinungsdatum nicht ermittelbar]</subfield>
          </datafield>
          <datafield ind1=" " ind2=" " tag="336">
            <subfield code="b">ntm</subfield>
            <subfield code="2">rdacontent</subfield>
          </datafield>
          <datafield ind1=" " ind2=" " tag="337">
            <subfield code="b">n</subfield>
            <subfield code="2">rdamedia</subfield>
          </datafield>
          <datafield ind1=" " ind2=" " tag="338">
            <subfield code="b">nc</subfield>
            <subfield code="2">rdacarrier</subfield>
          </datafield>
          <datafield ind1=" " ind2=" " tag="500">
            <subfield code="a">op.145</subfield>
          </datafield>
          <datafield ind1=" " ind2=" " tag="690">
            <subfield code="a">Klavierschule</subfield>
            <subfield code="2">ubs-A2</subfield>
          </datafield>
          <datafield ind1=" " ind2=" " tag="690">
            <subfield code="a">Ornament</subfield>
            <subfield code="2">ubs-A2</subfield>
          </datafield>
          <datafield ind1="0" ind2="1" tag="852">
            <subfield code="a">41SLSP_UBS</subfield>
            <subfield code="6">9921242770105504</subfield>
            <subfield code="9">P</subfield>
          </datafield>
        </record>
      </recordData>
      <recordIdentifier>991002932199705501</recordIdentifier>
      <recordPosition>13</recordPosition>
    </record>