
    <record>
      <recordSchema>marcxml</recordSchema>
      <recordPacking>xml</recordPacking>
      <recordData>
        <record xmlns="http://www.loc.gov/MARC21/slim">
          <leader>01086nam a2200289 c 4500</leader>
          <controlfield tag="001">991088194619705501</controlfield>
          <controlfield tag="005">20210206210235.0</controlfield>
          <controlfield tag="008">940706s1993    ag ||||| |||| 00| ||spa d</controlfield>
          <datafield ind1=" " ind2=" " tag="035">
            <subfield code="a">(swissbib)088930297-41slsp_network</subfield>
          </datafield>
          <datafield ind1=" " ind2=" " tag="035">
            <subfield code="a">088930297</subfield>
            <subfield code="9">ExL</subfield>
          </datafield>
          <datafield ind1=" " ind2=" " tag="035">
            <subfield code="a">(RERO)1878185-41slsp</subfield>
          </datafield>
          <datafield ind1=" " ind2=" " tag="040">
            <subfield code="a">RERO gevcjb</subfield>
            <subfield code="d">CH-ZuSLS</subfield>
          </datafield>
          <datafield ind1=" " ind2="7" tag="072">
            <subfield code="a">bo</subfield>
            <subfield code="2">rero</subfield>
          </datafield>
          <datafield ind1="1" ind2=" " tag="100">
            <subfield code="a">Novara, Lázaro Juan</subfield>
            <subfield code="d">19..-....</subfield>
            <subfield code="4">cre</subfield>
          </datafield>
          <datafield ind1="1" ind2="0" tag="245">
            <subfield code="a">'Juglandaceae' A. Rich. ex Kunth</subfield>
            <subfield code="c">Lázaro Juan Novara</subfield>
          </datafield>
          <datafield ind1=" " ind2="1" tag="264">
            <subfield code="a">Salta</subfield>
            <subfield code="b">Herbario MCNS - Universidad Nacional de Salta</subfield>
            <subfield code="c">1993</subfield>
          </datafield>
          <datafield ind1=" " ind2=" " tag="300">
            <subfield code="a">6 p.</subfield>
            <subfield code="b">ill.</subfield>
            <subfield code="c">22 cm</subfield>
          </datafield>
          <datafield ind1=" " ind2=" " tag="336">
            <subfield code="b">txt</subfield>
            <subfield code="2">rdacontent</subfield>
          </datafield>
          <datafield ind1=" " ind2=" " tag="337">
            <subfield code="b">n</subfield>
            <subfield code="2">rdamedia</subfield>
          </datafield>
          <datafield ind1=" " ind2=" " tag="338">
            <subfield code="b">nc</subfield>
            <subfield code="2">rdacarrier</subfield>
          </datafield>
          <datafield ind1="1" ind2=" " tag="490">
            <subfield code="a">Flora del Valle de Lerma</subfield>
          </datafield>
          <datafield ind1="1" ind2=" " tag="490">
            <subfield code="a">Aportes botanicos de Salta. Serie Flora</subfield>
            <subfield code="v">vol. 1, núm. 23</subfield>
          </datafield>
          <datafield ind1=" " ind2="7" tag="650">
            <subfield code="a">Juglandaceae [Taxonomie]</subfield>
            <subfield code="0">(RERO)A027246526</subfield>
            <subfield code="2">rero</subfield>
          </datafield>
          <datafield ind1=" " ind2="7" tag="651">
            <subfield code="a">Valle de Lerma (Argentine, vallée)</subfield>
            <subfield code="0">(RERO)A010162785</subfield>
            <subfield code="2">rero</subfield>
          </datafield>
          <datafield ind1=" " ind2="0" tag="830">
            <subfield code="a">Aportes botanicos de Salta</subfield>
            <subfield code="p">Serie Flora</subfield>
            <subfield code="v">1,23</subfield>
            <subfield code="w">(RERO)1530189-41slsp</subfield>
          </datafield>
          <datafield ind1=" " ind2="0" tag="830">
            <subfield code="a">Flora del Valle de Lerma</subfield>
            <subfield code="w">(RERO)1532341-41slsp</subfield>
          </datafield>
          <datafield ind1="0" ind2="1" tag="852">
            <subfield code="a">41SLSP_VGE</subfield>
            <subfield code="6">991003789859705524</subfield>
            <subfield code="9">P</subfield>
          </datafield>
          <datafield ind1=" " ind2=" " tag="900">
            <subfield code="a">REROnoselfmerge</subfield>
          </datafield>
        </record>
      </recordData>
      <recordIdentifier>991088194619705501</recordIdentifier>
      <recordPosition>15</recordPosition>
    </record>