
    <record>
      <recordSchema>marcxml</recordSchema>
      <recordPacking>xml</recordPacking>
      <recordData>
        <record xmlns="http://www.loc.gov/MARC21/slim">
          <leader>01517nam a2200397 c 4500</leader>
          <controlfield tag="001">991141386069705501</controlfield>
          <controlfield tag="005">20210207113723.0</controlfield>
          <controlfield tag="008">201011s2012    xxu||||| |||| 00| ||eng d</controlfield>
          <datafield ind1=" " ind2=" " tag="020">
            <subfield code="a">9780915279111</subfield>
          </datafield>
          <datafield ind1=" " ind2=" " tag="020">
            <subfield code="a">0915279118</subfield>
          </datafield>
          <datafield ind1=" " ind2=" " tag="035">
            <subfield code="a">(swissbib)22019727X-41slsp_network</subfield>
          </datafield>
          <datafield ind1=" " ind2=" " tag="035">
            <subfield code="a">22019727X</subfield>
            <subfield code="9">ExL</subfield>
          </datafield>
          <datafield ind1=" " ind2=" " tag="035">
            <subfield code="a">(RERO)R008098976-41slsp</subfield>
          </datafield>
          <datafield ind1=" " ind2=" " tag="035">
            <subfield code="a">(NEBIS)009746171EBI01</subfield>
          </datafield>
          <datafield ind1=" " ind2=" " tag="035">
            <subfield code="a">(IDSBB)006138337DSV01</subfield>
          </datafield>
          <datafield ind1=" " ind2=" " tag="035">
            <subfield code="a">(OCoLC)828474178</subfield>
          </datafield>
          <datafield ind1=" " ind2=" " tag="040">
            <subfield code="a">RERO gevcjb</subfield>
            <subfield code="d">CH-ZuSLS</subfield>
          </datafield>
          <datafield ind1=" " ind2="7" tag="072">
            <subfield code="a">bo</subfield>
            <subfield code="2">rero</subfield>
          </datafield>
          <datafield ind1="1" ind2=" " tag="100">
            <subfield code="a">Luer, Carlyle A.</subfield>
            <subfield code="d">1922-2019</subfield>
            <subfield code="4">cre</subfield>
          </datafield>
          <datafield ind1="1" ind2="0" tag="245">
            <subfield code="a">'Lepanthes' of Colombia ('Orchidaceae')</subfield>
            <subfield code="c">Carlyle A. Luer and Lisa Thoerle</subfield>
          </datafield>
          <datafield ind1=" " ind2="1" tag="264">
            <subfield code="a">St. Louis</subfield>
            <subfield code="b">Missouri Botanical Garden</subfield>
            <subfield code="c">2012</subfield>
          </datafield>
          <datafield ind1=" " ind2=" " tag="300">
            <subfield code="a">300 p.</subfield>
            <subfield code="b">ill.</subfield>
          </datafield>
          <datafield ind1=" " ind2=" " tag="336">
            <subfield code="b">txt</subfield>
            <subfield code="2">rdacontent</subfield>
          </datafield>
          <datafield ind1=" " ind2=" " tag="337">
            <subfield code="b">n</subfield>
            <subfield code="2">rdamedia</subfield>
          </datafield>
          <datafield ind1=" " ind2=" " tag="338">
            <subfield code="b">nc</subfield>
            <subfield code="2">rdacarrier</subfield>
          </datafield>
          <datafield ind1="1" ind2=" " tag="490">
            <subfield code="a">Icones Pleurothallidinarum</subfield>
            <subfield code="v">32</subfield>
          </datafield>
          <datafield ind1="1" ind2=" " tag="490">
            <subfield code="a">Monographs in systematic botany from the Missouri Botanical Garden</subfield>
            <subfield code="v">123</subfield>
          </datafield>
          <datafield ind1=" " ind2="7" tag="650">
            <subfield code="a">Lepanthes (Orchidaceae) [Taxonomie]</subfield>
            <subfield code="0">(RERO)A025238086</subfield>
            <subfield code="2">rero</subfield>
          </datafield>
          <datafield ind1=" " ind2="7" tag="651">
            <subfield code="a">Colombie</subfield>
            <subfield code="2">idref</subfield>
          </datafield>
          <datafield ind1=" " ind2=" " tag="690">
            <subfield code="a">ORCH</subfield>
            <subfield code="d">Orchidaceae = Orchideengewächse</subfield>
            <subfield code="2">uzb-UE</subfield>
          </datafield>
          <datafield ind1="1" ind2=" " tag="700">
            <subfield code="a">Luer, Carlyle August</subfield>
          </datafield>
          <datafield ind1="1" ind2=" " tag="700">
            <subfield code="a">Thoerle, Lisa</subfield>
            <subfield code="d">19..-....</subfield>
          </datafield>
          <datafield ind1=" " ind2="0" tag="830">
            <subfield code="a">Icones Pleurothallidinarum</subfield>
            <subfield code="v">32</subfield>
            <subfield code="w">(IDSBB)002697643DSV01</subfield>
          </datafield>
          <datafield ind1=" " ind2="0" tag="830">
            <subfield code="a">Monographs in systematic botany from the Missouri Botanical Garden</subfield>
            <subfield code="v">123</subfield>
            <subfield code="w">(IDSBB)000739103DSV01</subfield>
          </datafield>
          <datafield ind1=" " ind2="0" tag="830">
            <subfield code="a">Icones pleurothallidinarum</subfield>
            <subfield code="v">32</subfield>
            <subfield code="w">(RERO)0767718-41slsp</subfield>
          </datafield>
          <datafield ind1="0" ind2="1" tag="852">
            <subfield code="a">41SLSP_UZB</subfield>
            <subfield code="6">990097461710205508</subfield>
            <subfield code="9">P</subfield>
          </datafield>
          <datafield ind1="0" ind2="1" tag="852">
            <subfield code="a">41SLSP_VGE</subfield>
            <subfield code="6">991013434829705524</subfield>
            <subfield code="9">P</subfield>
          </datafield>
          <datafield ind1="0" ind2="1" tag="852">
            <subfield code="a">41SLSP_UBS</subfield>
            <subfield code="6">9961383370105504</subfield>
            <subfield code="9">P</subfield>
          </datafield>
          <datafield ind1=" " ind2=" " tag="900">
            <subfield code="a">REROnoselfmerge</subfield>
          </datafield>
        </record>
      </recordData>
      <recordIdentifier>991141386069705501</recordIdentifier>
      <recordPosition>16</recordPosition>
    </record>