
    <record>
      <recordSchema>marcxml</recordSchema>
      <recordPacking>xml</recordPacking>
      <recordData>
        <record xmlns="http://www.loc.gov/MARC21/slim">
          <leader>01713nam  2200385 i 4500</leader>
          <controlfield tag="001">991170732136805501</controlfield>
          <controlfield tag="005">20170924231332.0</controlfield>
          <controlfield tag="006">m     o  d |</controlfield>
          <controlfield tag="007">cr -n---------</controlfield>
          <controlfield tag="008">140508t20092009sz      ob    000 0 fre d</controlfield>
          <datafield ind1=" " ind2=" " tag="020">
            <subfield code="a">3-0351-0728-9</subfield>
          </datafield>
          <datafield ind1=" " ind2=" " tag="035">
            <subfield code="a">(CKB)3710000000104224</subfield>
          </datafield>
          <datafield ind1=" " ind2=" " tag="035">
            <subfield code="a">(EBL)1666256</subfield>
          </datafield>
          <datafield ind1=" " ind2=" " tag="035">
            <subfield code="a">(SSID)ssj0001212399</subfield>
          </datafield>
          <datafield ind1=" " ind2=" " tag="035">
            <subfield code="a">(PQKBManifestationID)11699915</subfield>
          </datafield>
          <datafield ind1=" " ind2=" " tag="035">
            <subfield code="a">(PQKBTitleCode)TC0001212399</subfield>
          </datafield>
          <datafield ind1=" " ind2=" " tag="035">
            <subfield code="a">(PQKBWorkID)11209545</subfield>
          </datafield>
          <datafield ind1=" " ind2=" " tag="035">
            <subfield code="a">(PQKB)10594655</subfield>
          </datafield>
          <datafield ind1=" " ind2=" " tag="035">
            <subfield code="a">(MiAaPQ)EBC1666256</subfield>
          </datafield>
          <datafield ind1=" " ind2=" " tag="035">
            <subfield code="a">(WaSeSS)IndRDA00111709</subfield>
          </datafield>
          <datafield ind1=" " ind2=" " tag="035">
            <subfield code="a">(PPN)229172946</subfield>
          </datafield>
          <datafield ind1=" " ind2=" " tag="035">
            <subfield code="a">(EXLCZ)993710000000104224</subfield>
          </datafield>
          <datafield ind1=" " ind2=" " tag="040">
            <subfield code="a">MiAaPQ</subfield>
            <subfield code="b">eng</subfield>
            <subfield code="e">rda</subfield>
            <subfield code="e">pn</subfield>
            <subfield code="c">MiAaPQ</subfield>
            <subfield code="d">MiAaPQ</subfield>
          </datafield>
          <datafield ind1=" " ind2=" " tag="041">
            <subfield code="a">spa</subfield>
          </datafield>
          <datafield ind1=" " ind2="4" tag="050">
            <subfield code="a">PN5317.S4</subfield>
            <subfield code="b">.M36 2009</subfield>
          </datafield>
          <datafield ind1="0" ind2=" " tag="082">
            <subfield code="a">070.440946</subfield>
            <subfield code="2">23</subfield>
          </datafield>
          <datafield ind1="1" ind2=" " tag="100">
            <subfield code="a">Mancera Rueda, Ana,</subfield>
            <subfield code="e">author.</subfield>
          </datafield>
          <datafield ind1="1" ind2="0" tag="245">
            <subfield code="a">'Oralización' de la prensa española :</subfield>
            <subfield code="b">la columna periodística /</subfield>
            <subfield code="c">Ana Mancera Rueda.</subfield>
          </datafield>
          <datafield ind1=" " ind2="1" tag="264">
            <subfield code="a">Bern, Switzerland :</subfield>
            <subfield code="b">Peter Lang,</subfield>
            <subfield code="c">2009.</subfield>
          </datafield>
          <datafield ind1=" " ind2="4" tag="264">
            <subfield code="c">©2009</subfield>
          </datafield>
          <datafield ind1=" " ind2=" " tag="300">
            <subfield code="a">1 online resource (0 p.)</subfield>
          </datafield>
          <datafield ind1=" " ind2=" " tag="336">
            <subfield code="a">text</subfield>
            <subfield code="b">txt</subfield>
          </datafield>
          <datafield ind1=" " ind2=" " tag="337">
            <subfield code="a">computer</subfield>
            <subfield code="b">c</subfield>
          </datafield>
          <datafield ind1=" " ind2=" " tag="338">
            <subfield code="a">online resource</subfield>
            <subfield code="b">cr</subfield>
          </datafield>
          <datafield ind1="0" ind2=" " tag="490">
            <subfield code="a">Publications Universitaires Européennes. Série XXI, Linguistique,</subfield>
            <subfield code="x">0721-3352 ;</subfield>
            <subfield code="v">Band 342</subfield>
          </datafield>
          <datafield ind1=" " ind2=" " tag="500">
            <subfield code="a">Description based upon print version of record.</subfield>
          </datafield>
          <datafield ind1="0" ind2=" " tag="505">
            <subfield code="a">Cover; Índice 7; Prólogo de Antonio Narbona Jiménez 11; Agradecimientos 13; Introducción 15; Capítulo I: El español coloquial 19; 1. Hacia una concepción multiparamétrica y pluridimensional de las distintas variedades de uso 21; 2. Proyección en los estudios sobre el español coloquial 25; 3. Disparidad terminológica y conceptual 28; 3.1 Espontáneo e informal 29; 3.2 Vulgar y popular 30; 3.3 Familiar y privado 31; 3.4 La relación de lo coloquial con la lengua hablada y con lo conversacional 33; Capítulo II: La columna periodística 35; 1. Los géneros de opinión 35; 2. La columna periodística 38</subfield>
          </datafield>
          <datafield ind1="8" ind2=" " tag="505">
            <subfield code="a">2.1 Sobre el origen de la columna periodística en España 382.2 Los rasgos definitorios de la columna periodística 40; 2.2.1 Asiduidad, firma y relevancia tipográfica 40; 2.2.2 Libertad formal 41; 2.2.3 Libertad temática 42; 2.2.4 La diversidad de la columna de opinión 44; 2.2.5 La columna desde la óptica del autor 45; 2.2.6 La influencia de los medios digitales 47; 2.2.7 Recapitulación 49; 2.3 El acontecimiento comentado con un "elevado grado de compromiso" 51; Capítulo III: Oralidad y coloquialidad en la columna periodística 55; 1. El contrato de comunicación mediática 55</subfield>
          </datafield>
          <datafield ind1="8" ind2=" " tag="505">
            <subfield code="a">2. La identidad de los interlocutores y de los intralocutores: la subjetividad en el lenguaje y el principio de alteridad 563. La situación comunicativa 60; 4. Deixis personal, espacial, temporal y social 67; 5. Estrategias constructivas de una oralidad fingida 84; 5.1 Parataxis e hipotaxis en la andadura sintáctica coloquial 85; 5.1.1 Tendencia centrífuga y sintaxis parcelada 87; 5.1.2 El supuesto primitivismo y la pretendida inmadurez de la sintaxis conversacional 88; 5.1.3 Parataxis y sintaxis coloquial 90; 5.1.4 Bipolaridad e interordinación oracional y sintaxis coloquial 102</subfield>
          </datafield>
          <datafield ind1="8" ind2=" " tag="505">
            <subfield code="a">5.1.4.1 Esquemas formales de la relación condicional 1045.1.4.2 La correlación consecutiva 119; 5.1.4.3 Finalidad y contraposición 123; 5.1.4.4 Construcciones causales 130; 5.2 Los marcadores discursivos del coloquio 142; 5.2.1 Los enfocadores de la alteridad 143; 5.2.2 Los marcadores de modalidad deóntica 154; 5.2.3 Los marcadores de modalidad epistémica 160; 5.2.4 Los metadiscursivos conversacionales 163; 5.2.5 Los marcadores discursivos de reformulación 165; 5.2.6 Los estructuradores de la información: digresores y comentadores 174; 5.2.7 Recapitulación 178</subfield>
          </datafield>
          <datafield ind1="8" ind2=" " tag="505">
            <subfield code="a">5.3 Aproximaciones sucesivas, acumulaciones paradigmáticas y aparentes vacilaciones 1795.4 La repetición 182; 5.5 Perífrasis explicativas, digresiones y paráfrasis 192; 5.6 Enunciados "suspendidos" o "inacabados" 195; 5.7 Los relatos dramatizados y la introducción del discurso referido 202; 5.8 Estructuras parentéticas 207; 5.9 La predominancia de las funciones semántico-informativas sobre el control predicativo en el orden de los constituyentes discursivos 216; Conclusiones 225; Referencias bibliográficas 241; Anexo: selección del corpus 283</subfield>
          </datafield>
          <datafield ind1=" " ind2=" " tag="520">
            <subfield code="a">?Es posible escribir como se habla? ?Pueden encontrarse huellas de la oralidad en los textos periodisticos? ?Que proposito persigue el columnista que se dirige a sus lectores como si conversara con ellos? El uso del espanol coloquial en la prensa ?puede ayudar a solventar la crisis del sector, incrementando el numero de lectores? Estas son algunas de las cuestiones que se plantean en las paginas de este estudio, que analiza los rasgos de la oralidad coloquial presentes en la prensa espanola. Y es que, hasta hace escasas decadas, la literatura parecia ser la unica fuente de informacion valida p</subfield>
          </datafield>
          <datafield ind1=" " ind2=" " tag="546">
            <subfield code="a">Spanish</subfield>
          </datafield>
          <datafield ind1=" " ind2=" " tag="504">
            <subfield code="a">Includes bibliographical references.</subfield>
          </datafield>
          <datafield ind1=" " ind2=" " tag="588">
            <subfield code="a">Description based on print version record.</subfield>
          </datafield>
          <datafield ind1=" " ind2="0" tag="650">
            <subfield code="a">Spanish newspapers</subfield>
            <subfield code="x">Sections, columns, etc.</subfield>
          </datafield>
          <datafield ind1=" " ind2="0" tag="650">
            <subfield code="a">Newspapers</subfield>
            <subfield code="x">Language.</subfield>
          </datafield>
          <datafield ind1=" " ind2="0" tag="650">
            <subfield code="a">Colloquial language.</subfield>
          </datafield>
          <datafield ind1=" " ind2="0" tag="650">
            <subfield code="a">Spanish language</subfield>
            <subfield code="x">Spoken Spanish.</subfield>
          </datafield>
          <datafield ind1=" " ind2="0" tag="650">
            <subfield code="a">Spanish language</subfield>
            <subfield code="x">Written Spanish.</subfield>
          </datafield>
          <datafield ind1=" " ind2="4" tag="655">
            <subfield code="a">Electronic books.</subfield>
          </datafield>
          <datafield ind1=" " ind2=" " tag="776">
            <subfield code="z">3-0343-0004-2</subfield>
          </datafield>
          <datafield ind1=" " ind2="0" tag="830">
            <subfield code="a">Europäische Hochschulschriften.</subfield>
            <subfield code="n">Reihe XXI,</subfield>
            <subfield code="p">Linguistik ;</subfield>
            <subfield code="v">Band 342.</subfield>
          </datafield>
          <datafield ind1=" " ind2=" " tag="906">
            <subfield code="a">BOOK</subfield>
          </datafield>
        </record>
      </recordData>
      <recordIdentifier>991170732136805501</recordIdentifier>
      <recordPosition>17</recordPosition>
    </record>