
    <record>
      <recordSchema>marcxml</recordSchema>
      <recordPacking>xml</recordPacking>
      <recordData>
        <record xmlns="http://www.loc.gov/MARC21/slim">
          <leader>01083nam a2200313 c 4500</leader>
          <controlfield tag="001">991142569579705501</controlfield>
          <controlfield tag="005">20201229233823.0</controlfield>
          <controlfield tag="008">201011s2001    mx ||||| |||| 00| ||spa d</controlfield>
          <datafield ind1=" " ind2=" " tag="020">
            <subfield code="a">9687863889</subfield>
          </datafield>
          <datafield ind1=" " ind2=" " tag="035">
            <subfield code="a">(swissbib)21206925X-41slsp_network</subfield>
          </datafield>
          <datafield ind1=" " ind2=" " tag="035">
            <subfield code="a">21206925X</subfield>
            <subfield code="9">ExL</subfield>
          </datafield>
          <datafield ind1=" " ind2=" " tag="035">
            <subfield code="a">(RERO)R003172299-41slsp</subfield>
          </datafield>
          <datafield ind1=" " ind2=" " tag="035">
            <subfield code="a">(NEBIS)005347693EBI01</subfield>
          </datafield>
          <datafield ind1=" " ind2=" " tag="040">
            <subfield code="a">RERO gevcjb</subfield>
            <subfield code="d">CH-ZuSLS</subfield>
          </datafield>
          <datafield ind1=" " ind2="7" tag="072">
            <subfield code="a">bo</subfield>
            <subfield code="2">rero</subfield>
          </datafield>
          <datafield ind1="1" ind2=" " tag="100">
            <subfield code="a">Mejía-Saulés, María Teresa</subfield>
            <subfield code="4">cre</subfield>
          </datafield>
          <datafield ind1="1" ind2="0" tag="245">
            <subfield code="a">'Poaceae' I</subfield>
            <subfield code="b">claves de géneros</subfield>
            <subfield code="c">Ma. Teresa Mejía-Saulés</subfield>
          </datafield>
          <datafield ind1=" " ind2="1" tag="264">
            <subfield code="a">Xalapa</subfield>
            <subfield code="b">Instituto de Ecologia</subfield>
            <subfield code="c">2001</subfield>
          </datafield>
          <datafield ind1=" " ind2=" " tag="300">
            <subfield code="a">30 p.</subfield>
            <subfield code="b">ill.</subfield>
            <subfield code="c">22 cm</subfield>
          </datafield>
          <datafield ind1=" " ind2=" " tag="336">
            <subfield code="b">txt</subfield>
            <subfield code="2">rdacontent</subfield>
          </datafield>
          <datafield ind1=" " ind2=" " tag="337">
            <subfield code="b">n</subfield>
            <subfield code="2">rdamedia</subfield>
          </datafield>
          <datafield ind1=" " ind2=" " tag="338">
            <subfield code="b">nc</subfield>
            <subfield code="2">rdacarrier</subfield>
          </datafield>
          <datafield ind1="1" ind2=" " tag="490">
            <subfield code="a">Flora de Veracruz</subfield>
            <subfield code="v">fasc. 123</subfield>
          </datafield>
          <datafield ind1=" " ind2="7" tag="650">
            <subfield code="a">Gramineae [Taxonomie]</subfield>
            <subfield code="0">(RERO)A023058052</subfield>
            <subfield code="2">rero</subfield>
          </datafield>
          <datafield ind1=" " ind2="7" tag="651">
            <subfield code="a">Veracruz (Mexique ; État)</subfield>
            <subfield code="2">idref</subfield>
          </datafield>
          <datafield ind1="1" ind2=" " tag="700">
            <subfield code="a">Mejía-Saulés, Teresa</subfield>
          </datafield>
          <datafield ind1=" " ind2=" " tag="830">
            <subfield code="a">Flora de Veracruz</subfield>
            <subfield code="v">123</subfield>
            <subfield code="w">(RERO)0587720-41slsp</subfield>
          </datafield>
          <datafield ind1=" " ind2=" " tag="830">
            <subfield code="a">Flora de Veracruz</subfield>
            <subfield code="v">123</subfield>
            <subfield code="w">(NEBIS)000642442EBI01</subfield>
          </datafield>
          <datafield ind1="0" ind2="1" tag="852">
            <subfield code="a">41SLSP_ETH</subfield>
            <subfield code="6">990053476930205503</subfield>
            <subfield code="9">P</subfield>
          </datafield>
          <datafield ind1="0" ind2="1" tag="852">
            <subfield code="a">41SLSP_VGE</subfield>
            <subfield code="6">991016331909705524</subfield>
            <subfield code="9">P</subfield>
          </datafield>
          <datafield ind1=" " ind2=" " tag="900">
            <subfield code="a">REROnoselfmerge</subfield>
          </datafield>
        </record>
      </recordData>
      <recordIdentifier>991142569579705501</recordIdentifier>
      <recordPosition>18</recordPosition>
    </record>