
    <record>
      <recordSchema>marcxml</recordSchema>
      <recordPacking>xml</recordPacking>
      <recordData>
        <record xmlns="http://www.loc.gov/MARC21/slim">
          <leader>01375nam a2200361 c 4500</leader>
          <controlfield tag="001">991156287879705501</controlfield>
          <controlfield tag="005">20201230233636.0</controlfield>
          <controlfield tag="008">201011s1972    it ||||| |||| 00| ||ita d</controlfield>
          <datafield ind1=" " ind2=" " tag="035">
            <subfield code="a">(swissbib)226917169-41slsp_network</subfield>
          </datafield>
          <datafield ind1=" " ind2=" " tag="035">
            <subfield code="a">226917169</subfield>
            <subfield code="9">ExL</subfield>
          </datafield>
          <datafield ind1=" " ind2=" " tag="035">
            <subfield code="a">(RERO)0051353-41slsp</subfield>
          </datafield>
          <datafield ind1=" " ind2=" " tag="035">
            <subfield code="a">(NEBIS)005535881EBI01</subfield>
          </datafield>
          <datafield ind1=" " ind2=" " tag="035">
            <subfield code="a">(IDSBB)003354536DSV01</subfield>
          </datafield>
          <datafield ind1=" " ind2=" " tag="040">
            <subfield code="a">RERO</subfield>
            <subfield code="d">CH-ZuSLS</subfield>
          </datafield>
          <datafield ind1=" " ind2="7" tag="072">
            <subfield code="a">dr</subfield>
            <subfield code="2">rero</subfield>
          </datafield>
          <datafield ind1=" " ind2=" " tag="084">
            <subfield code="a">EB 14.1 h</subfield>
            <subfield code="2">cjurrom</subfield>
          </datafield>
          <datafield ind1="1" ind2=" " tag="100">
            <subfield code="a">Di Lella, Luigi</subfield>
            <subfield code="4">cre</subfield>
          </datafield>
          <datafield ind1="1" ind2="0" tag="245">
            <subfield code="a">'Querela inofficiosi testamenti'</subfield>
            <subfield code="b">contributo allo studio della successione necessaria</subfield>
            <subfield code="c">Luigi Di Lella</subfield>
          </datafield>
          <datafield ind1=" " ind2="1" tag="264">
            <subfield code="a">Napoli</subfield>
            <subfield code="b">E. Jovene</subfield>
            <subfield code="c">1972</subfield>
          </datafield>
          <datafield ind1=" " ind2=" " tag="300">
            <subfield code="a">279 p.</subfield>
            <subfield code="c">25 cm</subfield>
          </datafield>
          <datafield ind1=" " ind2=" " tag="336">
            <subfield code="b">txt</subfield>
            <subfield code="2">rdacontent</subfield>
          </datafield>
          <datafield ind1=" " ind2=" " tag="337">
            <subfield code="b">n</subfield>
            <subfield code="2">rdamedia</subfield>
          </datafield>
          <datafield ind1=" " ind2=" " tag="338">
            <subfield code="b">nc</subfield>
            <subfield code="2">rdacarrier</subfield>
          </datafield>
          <datafield ind1="1" ind2=" " tag="490">
            <subfield code="a">Pubblicazioni della Facoltà giuridica dell'Università di Napoli</subfield>
            <subfield code="v">123</subfield>
          </datafield>
          <datafield ind1=" " ind2="7" tag="650">
            <subfield code="a">successions (droit)</subfield>
            <subfield code="0">(RERO)A009984704</subfield>
            <subfield code="2">rerovoc</subfield>
          </datafield>
          <datafield ind1=" " ind2="7" tag="650">
            <subfield code="a">Droit romain</subfield>
            <subfield code="0">(RERO)A021001741</subfield>
            <subfield code="2">rero</subfield>
          </datafield>
          <datafield ind1=" " ind2="7" tag="650">
            <subfield code="a">Testaments</subfield>
            <subfield code="0">(RERO)A021003721</subfield>
            <subfield code="2">rero</subfield>
          </datafield>
          <datafield ind1=" " ind2="4" tag="650">
            <subfield code="a">Erbrecht</subfield>
          </datafield>
          <datafield ind1=" " ind2="4" tag="650">
            <subfield code="a">Römisches Recht</subfield>
          </datafield>
          <datafield ind1=" " ind2=" " tag="830">
            <subfield code="a">Pubblicazioni della Facoltà Giuridica dell'Università di Napoli</subfield>
            <subfield code="v">123</subfield>
            <subfield code="w">(NEBIS)001395798EBI01</subfield>
          </datafield>
          <datafield ind1=" " ind2=" " tag="830">
            <subfield code="a">Pubblicazioni della Facoltà giuridica dell'Università di Napoli</subfield>
            <subfield code="v">123</subfield>
            <subfield code="w">(RERO)0022174-41slsp</subfield>
          </datafield>
          <datafield ind1="0" ind2="1" tag="852">
            <subfield code="a">41SLSP_UZB</subfield>
            <subfield code="6">990055358810205508</subfield>
            <subfield code="9">P</subfield>
          </datafield>
          <datafield ind1="0" ind2="1" tag="852">
            <subfield code="a">41SLSP_UGE</subfield>
            <subfield code="6">991009279059705502</subfield>
            <subfield code="9">P</subfield>
          </datafield>
          <datafield ind1="0" ind2="1" tag="852">
            <subfield code="a">41SLSP_UBE</subfield>
            <subfield code="6">99116829320005511</subfield>
            <subfield code="9">P</subfield>
          </datafield>
          <datafield ind1="0" ind2="1" tag="852">
            <subfield code="a">41SLSP_UBS</subfield>
            <subfield code="6">9933545360105504</subfield>
            <subfield code="9">P</subfield>
          </datafield>
          <datafield ind1=" " ind2=" " tag="900">
            <subfield code="a">REROnoselfmerge</subfield>
          </datafield>
          <datafield ind1=" " ind2=" " tag="900">
            <subfield code="a">IDSZ2rwimon200802i</subfield>
            <subfield code="c">IDSZ2paru 080226</subfield>
          </datafield>
        </record>
      </recordData>
      <recordIdentifier>991156287879705501</recordIdentifier>
      <recordPosition>19</recordPosition>
    </record>