
    <record>
      <recordSchema>marcxml</recordSchema>
      <recordPacking>xml</recordPacking>
      <recordData>
        <record xmlns="http://www.loc.gov/MARC21/slim">
          <leader>00658nam a22001932c 4500</leader>
          <controlfield tag="001">991150416129705501</controlfield>
          <controlfield tag="005">20201229022919.0</controlfield>
          <controlfield tag="008">050308s1964    xxu           00| | eng^^</controlfield>
          <datafield ind1=" " ind2=" " tag="035">
            <subfield code="a">(swissbib)18939658X-41slsp_network</subfield>
          </datafield>
          <datafield ind1=" " ind2=" " tag="035">
            <subfield code="a">18939658X</subfield>
            <subfield code="9">ExL</subfield>
          </datafield>
          <datafield ind1=" " ind2=" " tag="035">
            <subfield code="a">(NEBIS)008721973EBI01</subfield>
          </datafield>
          <datafield ind1=" " ind2=" " tag="040">
            <subfield code="a">SzZuIDS NEBIS UZH</subfield>
            <subfield code="d">CH-ZuSLS</subfield>
          </datafield>
          <datafield ind1="1" ind2=" " tag="100">
            <subfield code="a">Palmer, Frank Robert</subfield>
          </datafield>
          <datafield ind1="1" ind2="0" tag="245">
            <subfield code="a">'Sequence' and 'order'</subfield>
          </datafield>
          <datafield ind1=" " ind2="1" tag="264">
            <subfield code="a">[Washington]</subfield>
            <subfield code="b">[Georgetown university]</subfield>
            <subfield code="c">[1964]</subfield>
          </datafield>
          <datafield ind1=" " ind2=" " tag="300">
            <subfield code="a">1 Bd.</subfield>
          </datafield>
          <datafield ind1="0" ind2=" " tag="490">
            <subfield code="a">Monograph series on languages and linguistics, Georgetown university, Washington, D.C.</subfield>
            <subfield code="v">17, 1964, p. 123-130</subfield>
          </datafield>
          <datafield ind1=" " ind2=" " tag="690">
            <subfield code="a">Sprachwissenschaft</subfield>
            <subfield code="2">uzb-UG</subfield>
          </datafield>
          <datafield ind1="0" ind2="1" tag="852">
            <subfield code="a">41SLSP_UZB</subfield>
            <subfield code="6">990087219730205508</subfield>
            <subfield code="9">P</subfield>
          </datafield>
          <datafield ind1=" " ind2=" " tag="900">
            <subfield code="f">IDSU2medea</subfield>
          </datafield>
        </record>
      </recordData>
      <recordIdentifier>991150416129705501</recordIdentifier>
      <recordPosition>21</recordPosition>
    </record>