
    <record>
      <recordSchema>marcxml</recordSchema>
      <recordPacking>xml</recordPacking>
      <recordData>
        <record xmlns="http://www.loc.gov/MARC21/slim">
          <leader>03182nam a2200865 c 4500</leader>
          <controlfield tag="001">991112689989705501</controlfield>
          <controlfield tag="005">20201231131217.0</controlfield>
          <controlfield tag="008">201012s1998    xxk||||| |||| 00| ||eng d</controlfield>
          <datafield ind1=" " ind2=" " tag="020">
            <subfield code="a">1900347598</subfield>
          </datafield>
          <datafield ind1=" " ind2=" " tag="035">
            <subfield code="a">(swissbib)233851178-41slsp_network</subfield>
          </datafield>
          <datafield ind1=" " ind2=" " tag="035">
            <subfield code="a">233851178</subfield>
            <subfield code="9">ExL</subfield>
          </datafield>
          <datafield ind1=" " ind2=" " tag="035">
            <subfield code="a">(RERO)R269472960-41slsp</subfield>
          </datafield>
          <datafield ind1=" " ind2=" " tag="035">
            <subfield code="a">(IDSBB)002453730DSV01</subfield>
          </datafield>
          <datafield ind1=" " ind2=" " tag="035">
            <subfield code="a">(NEBIS)003849822EBI01</subfield>
          </datafield>
          <datafield ind1=" " ind2=" " tag="035">
            <subfield code="a">(NEBIS)008297250EBI01</subfield>
          </datafield>
          <datafield ind1=" " ind2=" " tag="040">
            <subfield code="a">RERO gevcjb</subfield>
            <subfield code="d">CH-ZuSLS</subfield>
          </datafield>
          <datafield ind1=" " ind2="7" tag="072">
            <subfield code="a">bo</subfield>
            <subfield code="2">rero</subfield>
          </datafield>
          <datafield ind1=" " ind2="7" tag="072">
            <subfield code="a">bo</subfield>
            <subfield code="2">SzZuIDS BS/BE</subfield>
          </datafield>
          <datafield ind1="0" ind2="4" tag="082">
            <subfield code="a">581.988</subfield>
            <subfield code="2">21</subfield>
          </datafield>
          <datafield ind1="1" ind2="4" tag="082">
            <subfield code="a">580</subfield>
            <subfield code="2">15</subfield>
          </datafield>
          <datafield ind1="1" ind2=" " tag="100">
            <subfield code="a">Marcano-Berti, L.</subfield>
          </datafield>
          <datafield ind1="1" ind2="0" tag="245">
            <subfield code="a">'Vochysiaceae'</subfield>
            <subfield code="b">123</subfield>
            <subfield code="c">L. Marcano-Berti. 'Euphroniaceae' : 123a / L. Marcano-Berti. 'Trigoniaceae' : 124 / E. Lleras. 'Krameriaceae' : 126 / B.B. Simpson. Including Wood and timber / B.J.H. ter Welle, P. Détienne &amp; N. Espinoza de Pernía</subfield>
          </datafield>
          <datafield ind1="1" ind2="4" tag="246">
            <subfield code="a">123. Vochysiaceae</subfield>
          </datafield>
          <datafield ind1="1" ind2="4" tag="246">
            <subfield code="a">123a. Euphroniaceae</subfield>
          </datafield>
          <datafield ind1="1" ind2="4" tag="246">
            <subfield code="a">124. Trigoniaceae</subfield>
          </datafield>
          <datafield ind1="1" ind2="4" tag="246">
            <subfield code="a">126. Krameriaceae</subfield>
          </datafield>
          <datafield ind1=" " ind2="1" tag="264">
            <subfield code="a">Kew</subfield>
            <subfield code="b">Royal Botanic Gardens</subfield>
            <subfield code="c">1998</subfield>
          </datafield>
          <datafield ind1=" " ind2=" " tag="300">
            <subfield code="a">101 p.</subfield>
            <subfield code="b">ill.</subfield>
            <subfield code="c">23 cm</subfield>
          </datafield>
          <datafield ind1=" " ind2=" " tag="336">
            <subfield code="b">txt</subfield>
            <subfield code="2">rdacontent</subfield>
          </datafield>
          <datafield ind1=" " ind2=" " tag="337">
            <subfield code="b">n</subfield>
            <subfield code="2">rdamedia</subfield>
          </datafield>
          <datafield ind1=" " ind2=" " tag="338">
            <subfield code="b">nc</subfield>
            <subfield code="2">rdacarrier</subfield>
          </datafield>
          <datafield ind1="1" ind2=" " tag="490">
            <subfield code="a">Flora of the Guianas. Series A, Phanerogams</subfield>
            <subfield code="v">1998, fasc. 21</subfield>
          </datafield>
          <datafield ind1=" " ind2="7" tag="650">
            <subfield code="a">Phanérogames</subfield>
            <subfield code="0">(RERO)A021061698</subfield>
            <subfield code="2">rero</subfield>
          </datafield>
          <datafield ind1=" " ind2="7" tag="650">
            <subfield code="a">Krameriaceae</subfield>
            <subfield code="2">idszbz</subfield>
          </datafield>
          <datafield ind1=" " ind2="7" tag="650">
            <subfield code="a">Systematik</subfield>
            <subfield code="2">idszbz</subfield>
          </datafield>
          <datafield ind1=" " ind2="7" tag="650">
            <subfield code="a">Trigoniaceae</subfield>
            <subfield code="2">idszbz</subfield>
          </datafield>
          <datafield ind1=" " ind2="7" tag="650">
            <subfield code="a">Bestimmungsbuch</subfield>
            <subfield code="2">gnd</subfield>
          </datafield>
          <datafield ind1=" " ind2="7" tag="650">
            <subfield code="a">Samenpflanzen</subfield>
            <subfield code="2">gnd</subfield>
          </datafield>
          <datafield ind1=" " ind2="0" tag="650">
            <subfield code="a">Botany</subfield>
            <subfield code="z">Guiana</subfield>
          </datafield>
          <datafield ind1=" " ind2="0" tag="650">
            <subfield code="a">Phanerogams</subfield>
            <subfield code="z">Guinea</subfield>
            <subfield code="x">Classification</subfield>
          </datafield>
          <datafield ind1=" " ind2="0" tag="650">
            <subfield code="a">Phanerogams</subfield>
            <subfield code="z">Guinea</subfield>
            <subfield code="x">Identification</subfield>
          </datafield>
          <datafield ind1=" " ind2="0" tag="650">
            <subfield code="a">Phanerogams</subfield>
            <subfield code="z">Guyana</subfield>
            <subfield code="x">Classification</subfield>
          </datafield>
          <datafield ind1=" " ind2="0" tag="650">
            <subfield code="a">Phanerogams</subfield>
            <subfield code="z">Guyana</subfield>
            <subfield code="x">Identification</subfield>
          </datafield>
          <datafield ind1=" " ind2="0" tag="650">
            <subfield code="a">Phanerogams</subfield>
            <subfield code="z">Suriname</subfield>
            <subfield code="x">Classification</subfield>
          </datafield>
          <datafield ind1=" " ind2="0" tag="650">
            <subfield code="a">Phanerogams</subfield>
            <subfield code="z">Suriname</subfield>
            <subfield code="x">Identification</subfield>
          </datafield>
          <datafield ind1=" " ind2="7" tag="651">
            <subfield code="a">Guyanes</subfield>
            <subfield code="2">idref</subfield>
          </datafield>
          <datafield ind1=" " ind2="7" tag="651">
            <subfield code="a">Guayana (Landschaft)</subfield>
            <subfield code="2">idszbz</subfield>
          </datafield>
          <datafield ind1=" " ind2="7" tag="651">
            <subfield code="a">Guayana</subfield>
            <subfield code="2">gnd</subfield>
          </datafield>
          <datafield ind1=" " ind2="7" tag="655">
            <subfield code="a">[flore]</subfield>
            <subfield code="2">rerovoc</subfield>
            <subfield code="0">(RERO)A010182439</subfield>
          </datafield>
          <datafield ind1="1" ind2=" " tag="700">
            <subfield code="a">Llears, E.</subfield>
          </datafield>
          <datafield ind1="1" ind2=" " tag="700">
            <subfield code="a">Simpson, B.B.</subfield>
          </datafield>
          <datafield ind1="1" ind2=" " tag="700">
            <subfield code="a">Welle, Ben J.H. ter</subfield>
          </datafield>
          <datafield ind1="1" ind2=" " tag="700">
            <subfield code="a">Détienne, P.</subfield>
          </datafield>
          <datafield ind1="1" ind2=" " tag="700">
            <subfield code="a">Espinoza de Pernía, Narcisana</subfield>
          </datafield>
          <datafield ind1="1" ind2="2" tag="700">
            <subfield code="a">Ter Welle, Ben J.H</subfield>
            <subfield code="t">Wood and timber</subfield>
          </datafield>
          <datafield ind1="1" ind2="2" tag="700">
            <subfield code="a">Marcano-Berti, Luis</subfield>
            <subfield code="t">'Vochysiaceae' : 123</subfield>
          </datafield>
          <datafield ind1="1" ind2="2" tag="700">
            <subfield code="a">Marcano-Berti, Luis</subfield>
            <subfield code="t">'Euphroniaceae' : 123a</subfield>
          </datafield>
          <datafield ind1="1" ind2="2" tag="700">
            <subfield code="a">Lleras, Eduardo</subfield>
            <subfield code="t">'Trigoniaceae' : 124</subfield>
          </datafield>
          <datafield ind1="1" ind2="2" tag="700">
            <subfield code="a">Simpson, Beryl Brintnall</subfield>
            <subfield code="t">'Krameriaceae' : 126</subfield>
          </datafield>
          <datafield ind1="1" ind2=" " tag="700">
            <subfield code="a">Ter Welle, Ben J.H</subfield>
          </datafield>
          <datafield ind1="1" ind2=" " tag="700">
            <subfield code="a">Marcano-Berti, Luis</subfield>
          </datafield>
          <datafield ind1="1" ind2=" " tag="700">
            <subfield code="a">Lleras, Eduardo</subfield>
          </datafield>
          <datafield ind1="1" ind2=" " tag="700">
            <subfield code="a">Simpson, Beryl Brintnall</subfield>
          </datafield>
          <datafield ind1="0" ind2="2" tag="740">
            <subfield code="a">Euphroniaceae</subfield>
          </datafield>
          <datafield ind1="0" ind2="2" tag="740">
            <subfield code="a">Trigoniaceae</subfield>
          </datafield>
          <datafield ind1="0" ind2="2" tag="740">
            <subfield code="a">Krameriaceae</subfield>
          </datafield>
          <datafield ind1="0" ind2="2" tag="740">
            <subfield code="a">Euphroniaceae (123a)</subfield>
          </datafield>
          <datafield ind1="0" ind2="2" tag="740">
            <subfield code="a">&lt;&lt;including&gt;&gt; Wood and Timber</subfield>
          </datafield>
          <datafield ind1="0" ind2="2" tag="740">
            <subfield code="a">&lt;&lt;124.&gt;&gt; Trigoniaceae</subfield>
          </datafield>
          <datafield ind1="0" ind2="2" tag="740">
            <subfield code="a">&lt;&lt;126.&gt;&gt; Krameriaceae</subfield>
          </datafield>
          <datafield ind1="0" ind2="2" tag="740">
            <subfield code="a">&lt;&lt;123a.&gt;&gt; Euphroniaceae</subfield>
          </datafield>
          <datafield ind1=" " ind2=" " tag="830">
            <subfield code="a">Flora of the Guianas</subfield>
            <subfield code="p">Series A, Phanerogams</subfield>
            <subfield code="v">1998, 21</subfield>
            <subfield code="w">(RERO)0697549-41slsp</subfield>
          </datafield>
          <datafield ind1=" " ind2=" " tag="830">
            <subfield code="a">Phanerogams</subfield>
            <subfield code="v">21</subfield>
            <subfield code="w">(NEBIS)001431134EBI01</subfield>
          </datafield>
          <datafield ind1="0" ind2="1" tag="852">
            <subfield code="a">41SLSP_UZB</subfield>
            <subfield code="6">990082972500205508</subfield>
            <subfield code="9">P</subfield>
          </datafield>
          <datafield ind1="0" ind2="1" tag="852">
            <subfield code="a">41SLSP_VGE</subfield>
            <subfield code="6">991003707659705524</subfield>
            <subfield code="9">P</subfield>
          </datafield>
          <datafield ind1="0" ind2="1" tag="852">
            <subfield code="a">41SLSP_UBS</subfield>
            <subfield code="6">9924537300105504</subfield>
            <subfield code="9">P</subfield>
          </datafield>
          <datafield ind1=" " ind2=" " tag="900">
            <subfield code="a">REROnoselfmerge</subfield>
          </datafield>
          <datafield ind1=" " ind2=" " tag="900">
            <subfield code="a">IDSZ2zbzmon200002e</subfield>
            <subfield code="c">IDSZ2veze</subfield>
            <subfield code="d">IDSZ2zbzswk200002b</subfield>
            <subfield code="e">IDSZ2wart</subfield>
          </datafield>
        </record>
      </recordData>
      <recordIdentifier>991112689989705501</recordIdentifier>
      <recordPosition>22</recordPosition>
    </record>