
    <record>
      <recordSchema>marcxml</recordSchema>
      <recordPacking>xml</recordPacking>
      <recordData>
        <record xmlns="http://www.loc.gov/MARC21/slim">
          <leader>01266nam a2200349 c 4500</leader>
          <controlfield tag="001">991147065459705501</controlfield>
          <controlfield tag="005">20201227140330.0</controlfield>
          <controlfield tag="008">010507s2000    pl ||||| |||| 00| ||pol d</controlfield>
          <datafield ind1=" " ind2=" " tag="020">
            <subfield code="a">8387703850</subfield>
          </datafield>
          <datafield ind1=" " ind2=" " tag="035">
            <subfield code="a">(swissbib)096771232-41slsp_network</subfield>
          </datafield>
          <datafield ind1=" " ind2=" " tag="035">
            <subfield code="a">096771232</subfield>
            <subfield code="9">ExL</subfield>
          </datafield>
          <datafield ind1=" " ind2=" " tag="035">
            <subfield code="a">(RERO)R003034279-41slsp</subfield>
          </datafield>
          <datafield ind1=" " ind2=" " tag="040">
            <subfield code="a">RERO frbcuc</subfield>
            <subfield code="d">CH-ZuSLS</subfield>
          </datafield>
          <datafield ind1=" " ind2="7" tag="072">
            <subfield code="a">th</subfield>
            <subfield code="2">rero</subfield>
          </datafield>
          <datafield ind1="0" ind2="0" tag="245">
            <subfield code="a">"Abba, Ojcze"</subfield>
            <subfield code="b">praca zbiorowa</subfield>
            <subfield code="c">pod red. Antoniego J. Nowaka</subfield>
          </datafield>
          <datafield ind1=" " ind2="1" tag="264">
            <subfield code="a">Lublin</subfield>
            <subfield code="b">Wydawnictwo Towarzystwa Naukowego Katolickiego Uniwersytetu Lubelskiego</subfield>
            <subfield code="c">2000</subfield>
          </datafield>
          <datafield ind1=" " ind2=" " tag="300">
            <subfield code="a">382 p.</subfield>
            <subfield code="c">24 cm</subfield>
          </datafield>
          <datafield ind1=" " ind2=" " tag="336">
            <subfield code="b">txt</subfield>
            <subfield code="2">rdacontent</subfield>
          </datafield>
          <datafield ind1=" " ind2=" " tag="337">
            <subfield code="b">n</subfield>
            <subfield code="2">rdamedia</subfield>
          </datafield>
          <datafield ind1=" " ind2=" " tag="338">
            <subfield code="b">nc</subfield>
            <subfield code="2">rdacarrier</subfield>
          </datafield>
          <datafield ind1="1" ind2=" " tag="490">
            <subfield code="a">Prace Wydziału Teologicznoego</subfield>
            <subfield code="v">123</subfield>
          </datafield>
          <datafield ind1="1" ind2=" " tag="490">
            <subfield code="a">Homo meditans</subfield>
            <subfield code="v">21</subfield>
          </datafield>
          <datafield ind1="0" ind2="7" tag="600">
            <subfield code="a">Jésus-Christ</subfield>
            <subfield code="0">(RERO)A009975630</subfield>
            <subfield code="2">rero</subfield>
          </datafield>
          <datafield ind1=" " ind2="7" tag="650">
            <subfield code="a">Dieu</subfield>
            <subfield code="0">(RERO)A021017066</subfield>
            <subfield code="2">rero</subfield>
          </datafield>
          <datafield ind1=" " ind2="7" tag="650">
            <subfield code="a">Théologie</subfield>
            <subfield code="0">(RERO)A021009114</subfield>
            <subfield code="2">rero</subfield>
          </datafield>
          <datafield ind1=" " ind2="7" tag="650">
            <subfield code="a">Pères</subfield>
            <subfield code="0">(RERO)A021017746</subfield>
            <subfield code="2">rero</subfield>
          </datafield>
          <datafield ind1=" " ind2="7" tag="650">
            <subfield code="a">Homme</subfield>
            <subfield code="0">(RERO)A021096921</subfield>
            <subfield code="2">rero</subfield>
          </datafield>
          <datafield ind1=" " ind2="7" tag="655">
            <subfield code="a">[Études diverses]</subfield>
            <subfield code="0">(RERO)A022249905</subfield>
            <subfield code="2">rero</subfield>
          </datafield>
          <datafield ind1="1" ind2=" " tag="700">
            <subfield code="a">Nowak, Antoni Jozafat</subfield>
            <subfield code="0">(RERO)A003646832</subfield>
          </datafield>
          <datafield ind1=" " ind2=" " tag="830">
            <subfield code="a">Prace Wydziału Teologicznego</subfield>
            <subfield code="v">123</subfield>
            <subfield code="w">(RERO)R005943617-41slsp</subfield>
          </datafield>
          <datafield ind1=" " ind2=" " tag="830">
            <subfield code="a">Homo meditans</subfield>
            <subfield code="v">21</subfield>
            <subfield code="w">(RERO)0740198-41slsp</subfield>
          </datafield>
          <datafield ind1="0" ind2="1" tag="852">
            <subfield code="a">41SLSP_BCUFR</subfield>
            <subfield code="6">991000615739705509</subfield>
            <subfield code="9">P</subfield>
          </datafield>
          <datafield ind1=" " ind2=" " tag="900">
            <subfield code="a">REROnoselfmerge</subfield>
          </datafield>
        </record>
      </recordData>
      <recordIdentifier>991147065459705501</recordIdentifier>
      <recordPosition>23</recordPosition>
    </record>