
    <record>
      <recordSchema>marcxml</recordSchema>
      <recordPacking>xml</recordPacking>
      <recordData>
        <record xmlns="http://www.loc.gov/MARC21/slim">
          <leader>00852nam a22002172c 4500</leader>
          <controlfield tag="001">991022713139705501</controlfield>
          <controlfield tag="005">20201229013123.0</controlfield>
          <controlfield tag="008">050413s1978    gw            01| | ger^^</controlfield>
          <datafield ind1=" " ind2=" " tag="035">
            <subfield code="a">(swissbib)189735155-41slsp_network</subfield>
          </datafield>
          <datafield ind1=" " ind2=" " tag="035">
            <subfield code="a">189735155</subfield>
            <subfield code="9">ExL</subfield>
          </datafield>
          <datafield ind1=" " ind2=" " tag="035">
            <subfield code="a">(NEBIS)008790244EBI01</subfield>
          </datafield>
          <datafield ind1=" " ind2=" " tag="040">
            <subfield code="a">SzZuIDS NEBIS UZH</subfield>
            <subfield code="d">CH-ZuSLS</subfield>
          </datafield>
          <datafield ind1="1" ind2=" " tag="100">
            <subfield code="a">Goltz, Dietlinde</subfield>
          </datafield>
          <datafield ind1="1" ind2="0" tag="245">
            <subfield code="a">"Aber erschröcklich ist es dem Menschenn"</subfield>
            <subfield code="b">Beziehungen zwischen Chirurgie und Pharmazie im Mittelalter : Herrn Prof. Dr. Rudolf Schmitz zum 60. Geburtstag</subfield>
            <subfield code="c">Dietlinde Goltz</subfield>
          </datafield>
          <datafield ind1=" " ind2="1" tag="264">
            <subfield code="a">Frankfurt am Main</subfield>
            <subfield code="b">[Verlag nicht ermittelbar]</subfield>
            <subfield code="c">1978</subfield>
          </datafield>
          <datafield ind1=" " ind2=" " tag="300">
            <subfield code="a">S. 278-284</subfield>
          </datafield>
          <datafield ind1=" " ind2=" " tag="500">
            <subfield code="a">SA. aus: Pharmazeutische Zeitung. Jg. 123, Nr. 7, S. 278-254</subfield>
          </datafield>
          <datafield ind1=" " ind2="7" tag="655">
            <subfield code="a">Festschrift</subfield>
            <subfield code="2">gnd-content</subfield>
          </datafield>
          <datafield ind1=" " ind2=" " tag="690">
            <subfield code="a">Medizingeschichte: Mittelalter</subfield>
            <subfield code="2">uzb-UU</subfield>
          </datafield>
          <datafield ind1="1" ind2=" " tag="700">
            <subfield code="a">Schmitz, Rudolf</subfield>
          </datafield>
          <datafield ind1="0" ind2="1" tag="852">
            <subfield code="a">41SLSP_UZB</subfield>
            <subfield code="6">990087902440205508</subfield>
            <subfield code="9">P</subfield>
          </datafield>
          <datafield ind1=" " ind2=" " tag="900">
            <subfield code="f">IDSU2medea</subfield>
          </datafield>
        </record>
      </recordData>
      <recordIdentifier>991022713139705501</recordIdentifier>
      <recordPosition>24</recordPosition>
    </record>