
    <record>
      <recordSchema>marcxml</recordSchema>
      <recordPacking>xml</recordPacking>
      <recordData>
        <record xmlns="http://www.loc.gov/MARC21/slim">
          <leader>00781nam a2200217uc 4500</leader>
          <controlfield tag="001">991020985179705501</controlfield>
          <controlfield tag="005">20201229013117.0</controlfield>
          <controlfield tag="008">980623s1998    xx            ||| | und^^</controlfield>
          <datafield ind1=" " ind2=" " tag="035">
            <subfield code="a">(swissbib)187317518-41slsp_network</subfield>
          </datafield>
          <datafield ind1=" " ind2=" " tag="035">
            <subfield code="a">187317518</subfield>
            <subfield code="9">ExL</subfield>
          </datafield>
          <datafield ind1=" " ind2=" " tag="035">
            <subfield code="a">(NEBIS)008053435EBI01</subfield>
          </datafield>
          <datafield ind1=" " ind2=" " tag="040">
            <subfield code="a">SzZuIDS NEBIS UZH</subfield>
            <subfield code="d">CH-ZuSLS</subfield>
          </datafield>
          <datafield ind1="1" ind2=" " tag="100">
            <subfield code="a">Oester, Kathrin</subfield>
          </datafield>
          <datafield ind1="1" ind2="0" tag="245">
            <subfield code="a">"Aku cinta kamu - harapan tahun 2000"</subfield>
            <subfield code="b">zur Entstehung eines Films</subfield>
          </datafield>
          <datafield ind1=" " ind2=" " tag="300">
            <subfield code="a">S.125-132</subfield>
          </datafield>
          <datafield ind1=" " ind2=" " tag="504">
            <subfield code="a">S.132</subfield>
          </datafield>
          <datafield ind1=" " ind2=" " tag="690">
            <subfield code="a">123</subfield>
            <subfield code="d">Observational role - Beobachtung und Teilnahme (Feldforschung)</subfield>
            <subfield code="2">uzb-UI</subfield>
          </datafield>
          <datafield ind1=" " ind2=" " tag="690">
            <subfield code="a">210.01</subfield>
            <subfield code="d">Visual representation - Visuelle Anthropologie</subfield>
            <subfield code="2">uzb-UI</subfield>
          </datafield>
          <datafield ind1=" " ind2=" " tag="690">
            <subfield code="a">219</subfield>
            <subfield code="d">Filming - Filmkunst</subfield>
            <subfield code="2">uzb-UI</subfield>
          </datafield>
          <datafield ind1=" " ind2=" " tag="690">
            <subfield code="a">*OD01</subfield>
            <subfield code="d">Sumatra</subfield>
            <subfield code="2">uzb-UI</subfield>
          </datafield>
          <datafield ind1="0" ind2=" " tag="773">
            <subfield code="t">Tsantsa vol. 3 (1998)</subfield>
          </datafield>
          <datafield ind1="0" ind2="1" tag="852">
            <subfield code="a">41SLSP_UZB</subfield>
            <subfield code="6">990080534350205508</subfield>
            <subfield code="9">P</subfield>
          </datafield>
        </record>
      </recordData>
      <recordIdentifier>991020985179705501</recordIdentifier>
      <recordPosition>25</recordPosition>
    </record>