
    <record>
      <recordSchema>marcxml</recordSchema>
      <recordPacking>xml</recordPacking>
      <recordData>
        <record xmlns="http://www.loc.gov/MARC21/slim">
          <leader>00769nam a2200217 c 4500</leader>
          <controlfield tag="001">991002532769705501</controlfield>
          <controlfield tag="005">20201228114440.0</controlfield>
          <controlfield tag="008">040517s1999    it       m    00| | ita^^</controlfield>
          <datafield ind1=" " ind2=" " tag="035">
            <subfield code="a">(swissbib)159782848-41slsp_network</subfield>
          </datafield>
          <datafield ind1=" " ind2=" " tag="035">
            <subfield code="a">159782848</subfield>
            <subfield code="9">ExL</subfield>
          </datafield>
          <datafield ind1=" " ind2=" " tag="035">
            <subfield code="a">(NEBIS)004720600EBI01</subfield>
          </datafield>
          <datafield ind1=" " ind2=" " tag="040">
            <subfield code="a">SzZuIDS NEBIS ZBZ</subfield>
            <subfield code="d">CH-ZuSLS</subfield>
          </datafield>
          <datafield ind1="1" ind2=" " tag="100">
            <subfield code="a">Karczewski, Marek</subfield>
          </datafield>
          <datafield ind1="1" ind2="0" tag="245">
            <subfield code="a">&lt;&lt;L'&gt;&gt;"altro segno" (Ap 12,3)</subfield>
            <subfield code="b">la figura del drago in Ap 12,3-17 e le sue implicazioni teologico-bibliche</subfield>
            <subfield code="c">Marek Karczewski</subfield>
          </datafield>
          <datafield ind1=" " ind2="1" tag="264">
            <subfield code="a">Romae</subfield>
            <subfield code="c">1999</subfield>
          </datafield>
          <datafield ind1=" " ind2=" " tag="300">
            <subfield code="a">121 S.</subfield>
          </datafield>
          <datafield ind1=" " ind2=" " tag="500">
            <subfield code="a">Teildruck</subfield>
          </datafield>
          <datafield ind1=" " ind2=" " tag="502">
            <subfield code="a">Diss. Pontificia Univ. Gregoriana, 1999</subfield>
          </datafield>
          <datafield ind1=" " ind2="7" tag="650">
            <subfield code="a">Drache</subfield>
            <subfield code="2">gnd</subfield>
          </datafield>
          <datafield ind1=" " ind2="7" tag="655">
            <subfield code="a">Hochschulschrift</subfield>
            <subfield code="2">gnd-content</subfield>
          </datafield>
          <datafield ind1="0" ind2="1" tag="852">
            <subfield code="a">41SLSP_UZB</subfield>
            <subfield code="6">990047206000205508</subfield>
            <subfield code="9">P</subfield>
          </datafield>
          <datafield ind1=" " ind2=" " tag="900">
            <subfield code="a">IDSZ2zbzdis200405e</subfield>
            <subfield code="c">IDSZ2meip</subfield>
            <subfield code="d">IDSZ2zbzswk200405d</subfield>
          </datafield>
        </record>
      </recordData>
      <recordIdentifier>991002532769705501</recordIdentifier>
      <recordPosition>26</recordPosition>
    </record>