
    <record>
      <recordSchema>marcxml</recordSchema>
      <recordPacking>xml</recordPacking>
      <recordData>
        <record xmlns="http://www.loc.gov/MARC21/slim">
          <leader>03360nam a22003017c 4500</leader>
          <controlfield tag="001">991071696949705501</controlfield>
          <controlfield tag="005">20201222224352.0</controlfield>
          <controlfield tag="008">131118s2013    fr ||||| |||| 00| |0fre d</controlfield>
          <datafield ind1=" " ind2=" " tag="035">
            <subfield code="a">(swissbib)118536087-41slsp_network</subfield>
          </datafield>
          <datafield ind1=" " ind2=" " tag="035">
            <subfield code="a">118536087</subfield>
            <subfield code="9">ExL</subfield>
          </datafield>
          <datafield ind1=" " ind2=" " tag="035">
            <subfield code="a">(RERO)R007542624-41slsp</subfield>
          </datafield>
          <datafield ind1=" " ind2=" " tag="040">
            <subfield code="a">RERO ladupa</subfield>
            <subfield code="d">CH-ZuSLS</subfield>
          </datafield>
          <datafield ind1=" " ind2="7" tag="072">
            <subfield code="a">me</subfield>
            <subfield code="2">rero</subfield>
          </datafield>
          <datafield ind1="0" ind2="0" tag="245">
            <subfield code="a">"Apprendre... oui mais comment ?"</subfield>
            <subfield code="b">des laboratoires aux salles de classe : dossier</subfield>
            <subfield code="c">numéro coord. par E. Gentaz</subfield>
          </datafield>
          <datafield ind1=" " ind2="1" tag="264">
            <subfield code="a">Paris</subfield>
            <subfield code="b">ANAE</subfield>
            <subfield code="c">2013</subfield>
          </datafield>
          <datafield ind1=" " ind2=" " tag="300">
            <subfield code="a">P. 107-227</subfield>
          </datafield>
          <datafield ind1=" " ind2=" " tag="336">
            <subfield code="b">txt</subfield>
            <subfield code="2">rdacontent</subfield>
          </datafield>
          <datafield ind1=" " ind2=" " tag="337">
            <subfield code="b">n</subfield>
            <subfield code="2">rdamedia</subfield>
          </datafield>
          <datafield ind1=" " ind2=" " tag="338">
            <subfield code="b">nc</subfield>
            <subfield code="2">rdacarrier</subfield>
          </datafield>
          <datafield ind1="1" ind2=" " tag="490">
            <subfield code="a">Approche neuropsychologique des apprentissages chez l'enfant : ANAE</subfield>
            <subfield code="v">vol. 25, no 123, 2013</subfield>
          </datafield>
          <datafield ind1="0" ind2=" " tag="505">
            <subfield code="a">Introduction / É. Gentaz - L'entraînement de la mémoire de travail et les apprentissages scolaires / L. Corbin , V. Camos - Évaluation des effets d'un programme "Atelier cognitif (AC) : comprendre le fonctionnement du cerveau pour mieux apprendre" sur les performances d'élèves de seconde générale / J. Malsert, A. Theurel, E. Gentaz - Quelles sont les méthodes les plus efficaces pour apprendre à lire ? Études avec des enfants ayant appris à lire en langue maternelle ou seconde / L. Sprenger-Charolles, P. Colé - Utiliser son corps pour apprendre à reconnaître et à tracer les lettres en grande section de maternelle / F. Bara... [et al.] - Quand les psychologues rencontrent des pédagogues qui rencontrent des enseignants : l'exemple de Scriptum, un outil pour enseigner les stratégies pour mieux copier et orthographier / C. Martinet - Peut-on évaluer automatiquement les auto-explications lors de la lecture d'élèves de cycle 3 ? / M. Bianco... [et al.] - Une expérience d'enseignement explicite de l'orthographe lexicale / M. Fayol, F. Grimaud, M. Jacquier - L'orthographe grammaticale au collège : une approche sociodifférenciée / C. Totereau... [et al.] - Evaluation quantitative d'un entraînement à la lecture à grande échelle pour des enfants de CP scolarisés en réseaux d'éducation prioritaire : apports et limites / E. Gentaz... [et al.] - Améliorer les compétences numériques / C. Thevenot, S. Masson - Évaluation d'entraînements multisensoriels de préparation aux apprentissages numériques chez les enfants scolarisés en grande section de maternelle / F. Gimbert, É. Gentaz, K. Mazens - Aider l'enfant dyspraxique à l'école / C. Huron - ARTICLES VARIA - Améliorer la compréhension de textes descriptifs chez des élèves porteurs de TED / F. Canet, A. Tricot, Th. Maffre - Étude de l'effet d'une exploration auditive et haptique et des capacités de transfert intermodal sur l'apprentissage des lettres auprès d'un enfant porteur de trisomie 21. Approche comparative avec un groupe d'enfants tout-venant / H. Labat, J. Ecalle, A. Magnan - LE CAHIER PRATIQUE - "Testons les tests" : le WISC-IV / L. Vannetzel</subfield>
          </datafield>
          <datafield ind1=" " ind2="7" tag="650">
            <subfield code="a">Apprentissage</subfield>
            <subfield code="0">(RERO)A021088942</subfield>
            <subfield code="2">rero</subfield>
          </datafield>
          <datafield ind1=" " ind2="7" tag="650">
            <subfield code="a">Écriture</subfield>
            <subfield code="0">(RERO)A021102411</subfield>
            <subfield code="2">rero</subfield>
          </datafield>
          <datafield ind1=" " ind2="7" tag="650">
            <subfield code="a">Lecture</subfield>
            <subfield code="0">(RERO)A021013602</subfield>
            <subfield code="2">rero</subfield>
          </datafield>
          <datafield ind1=" " ind2="7" tag="655">
            <subfield code="a">[Études diverses]</subfield>
            <subfield code="0">(RERO)A022249905</subfield>
            <subfield code="2">rero</subfield>
          </datafield>
          <datafield ind1="1" ind2=" " tag="700">
            <subfield code="a">Gentaz, Édouard</subfield>
          </datafield>
          <datafield ind1=" " ind2=" " tag="830">
            <subfield code="a">Approche neuropsychologique des apprentissages chez l'enfant</subfield>
            <subfield code="v">25, 123, 2013</subfield>
            <subfield code="w">(RERO)1256163-41slsp</subfield>
          </datafield>
          <datafield ind1="0" ind2="1" tag="852">
            <subfield code="a">41SLSP_HES</subfield>
            <subfield code="6">991000130669705514</subfield>
            <subfield code="9">P</subfield>
          </datafield>
          <datafield ind1=" " ind2=" " tag="900">
            <subfield code="a">REROnoselfmerge</subfield>
          </datafield>
        </record>
      </recordData>
      <recordIdentifier>991071696949705501</recordIdentifier>
      <recordPosition>27</recordPosition>
    </record>