
    <record>
      <recordSchema>marcxml</recordSchema>
      <recordPacking>xml</recordPacking>
      <recordData>
        <record xmlns="http://www.loc.gov/MARC21/slim">
          <leader>03592nam a2200901 c 4500</leader>
          <controlfield tag="001">991097978859705501</controlfield>
          <controlfield tag="005">20201230231740.0</controlfield>
          <controlfield tag="008">201011s2001    it ||||| |||| 00| ||ita d</controlfield>
          <datafield ind1=" " ind2=" " tag="020">
            <subfield code="a">8880632868</subfield>
            <subfield code="q">br.</subfield>
            <subfield code="c">EUR 31.00</subfield>
          </datafield>
          <datafield ind1=" " ind2=" " tag="035">
            <subfield code="a">(swissbib)228093651-41slsp_network</subfield>
          </datafield>
          <datafield ind1=" " ind2=" " tag="035">
            <subfield code="a">228093651</subfield>
            <subfield code="9">ExL</subfield>
          </datafield>
          <datafield ind1=" " ind2=" " tag="035">
            <subfield code="a">(RERO)R003044874-41slsp</subfield>
          </datafield>
          <datafield ind1=" " ind2=" " tag="035">
            <subfield code="a">(NEBIS)004179109EBI01</subfield>
          </datafield>
          <datafield ind1=" " ind2=" " tag="035">
            <subfield code="a">(IDSBB)002286344DSV01</subfield>
          </datafield>
          <datafield ind1=" " ind2=" " tag="035">
            <subfield code="a">(SBT)000173942SBT01</subfield>
          </datafield>
          <datafield ind1=" " ind2=" " tag="040">
            <subfield code="a">RERO neubfl</subfield>
            <subfield code="d">CH-ZuSLS</subfield>
          </datafield>
          <datafield ind1=" " ind2=" " tag="050">
            <subfield code="a">PA</subfield>
          </datafield>
          <datafield ind1=" " ind2="7" tag="072">
            <subfield code="a">gr</subfield>
            <subfield code="2">rero</subfield>
          </datafield>
          <datafield ind1=" " ind2="7" tag="072">
            <subfield code="a">it</subfield>
            <subfield code="2">SzZuIDS BS/BE</subfield>
          </datafield>
          <datafield ind1=" " ind2="7" tag="072">
            <subfield code="a">la</subfield>
            <subfield code="2">rero</subfield>
          </datafield>
          <datafield ind1="0" ind2="0" tag="082">
            <subfield code="a">873/.01</subfield>
            <subfield code="2">21</subfield>
          </datafield>
          <datafield ind1="0" ind2="4" tag="082">
            <subfield code="a">853.3</subfield>
          </datafield>
          <datafield ind1="1" ind2="4" tag="082">
            <subfield code="a">873</subfield>
            <subfield code="2">21</subfield>
          </datafield>
          <datafield ind1=" " ind2=" " tag="084">
            <subfield code="a">FX 243405</subfield>
            <subfield code="2">rvk</subfield>
          </datafield>
          <datafield ind1=" " ind2=" " tag="084">
            <subfield code="a">IU 2260</subfield>
            <subfield code="2">rvk</subfield>
          </datafield>
          <datafield ind1="1" ind2=" " tag="100">
            <subfield code="a">Acocella, Mariantonietta</subfield>
            <subfield code="4">cre</subfield>
          </datafield>
          <datafield ind1="1" ind2="0" tag="245">
            <subfield code="a">&lt;&lt;L'&gt;&gt;"Asino d'oro" nel Rinascimento</subfield>
            <subfield code="b">dai volgarizzamenti alle raffigurazioni pittoriche</subfield>
            <subfield code="c">Mariantonietta Acocella</subfield>
          </datafield>
          <datafield ind1=" " ind2="1" tag="264">
            <subfield code="a">Ravenna</subfield>
            <subfield code="b">Longo</subfield>
            <subfield code="c">2001</subfield>
          </datafield>
          <datafield ind1=" " ind2=" " tag="300">
            <subfield code="a">232 p.</subfield>
            <subfield code="b">[20] p. de pl.</subfield>
            <subfield code="c">23 cm</subfield>
          </datafield>
          <datafield ind1=" " ind2=" " tag="336">
            <subfield code="b">txt</subfield>
            <subfield code="2">rdacontent</subfield>
          </datafield>
          <datafield ind1=" " ind2=" " tag="337">
            <subfield code="b">n</subfield>
            <subfield code="2">rdamedia</subfield>
          </datafield>
          <datafield ind1=" " ind2=" " tag="338">
            <subfield code="b">nc</subfield>
            <subfield code="2">rdacarrier</subfield>
          </datafield>
          <datafield ind1="1" ind2=" " tag="490">
            <subfield code="a">Memoria del tempo</subfield>
            <subfield code="v">21</subfield>
          </datafield>
          <datafield ind1=" " ind2=" " tag="500">
            <subfield code="a">Apuleius (125-180 A.D.)</subfield>
          </datafield>
          <datafield ind1=" " ind2=" " tag="504">
            <subfield code="a">Includes bibliographical references</subfield>
          </datafield>
          <datafield ind1=" " ind2=" " tag="504">
            <subfield code="a">p. 188-211</subfield>
          </datafield>
          <datafield ind1="0" ind2="7" tag="600">
            <subfield code="a">Apulée.</subfield>
            <subfield code="t">Métamorphoses - réception</subfield>
            <subfield code="0">(RERO)A010217272</subfield>
            <subfield code="2">rero</subfield>
          </datafield>
          <datafield ind1="0" ind2="7" tag="600">
            <subfield code="a">Lucien</subfield>
            <subfield code="c">(de Samosate).</subfield>
            <subfield code="t">Lucius ou l'âne - réception</subfield>
            <subfield code="0">(RERO)A010217274</subfield>
            <subfield code="2">rero</subfield>
          </datafield>
          <datafield ind1="0" ind2="7" tag="600">
            <subfield code="a">Apuleius; Metamorphoses</subfield>
            <subfield code="2">idszbz</subfield>
          </datafield>
          <datafield ind1="0" ind2="7" tag="600">
            <subfield code="a">Apuleius</subfield>
            <subfield code="c">Madaurensis</subfield>
            <subfield code="d">123-170</subfield>
            <subfield code="t">Metamorphoses</subfield>
            <subfield code="2">gnd</subfield>
          </datafield>
          <datafield ind1="0" ind2="7" tag="600">
            <subfield code="a">Pseudo-Lucianus Samosatensis</subfield>
            <subfield code="d">ca. 12. Jh.</subfield>
            <subfield code="t">Asinus</subfield>
            <subfield code="2">gnd</subfield>
          </datafield>
          <datafield ind1="0" ind2="0" tag="600">
            <subfield code="a">Apuleius</subfield>
            <subfield code="t">Metamorhoses</subfield>
          </datafield>
          <datafield ind1="0" ind2="0" tag="600">
            <subfield code="a">Apuleius</subfield>
            <subfield code="t">Metamorphoses</subfield>
          </datafield>
          <datafield ind1="0" ind2="0" tag="600">
            <subfield code="a">Apuleius</subfield>
            <subfield code="t">Metamorphoses</subfield>
            <subfield code="v">Illustrations</subfield>
          </datafield>
          <datafield ind1="0" ind2="0" tag="600">
            <subfield code="a">Apuleius</subfield>
            <subfield code="t">Metamorphoses</subfield>
            <subfield code="x">Illustrations</subfield>
          </datafield>
          <datafield ind1="0" ind2="0" tag="600">
            <subfield code="a">Apuleius</subfield>
            <subfield code="v">Translations into Italian</subfield>
            <subfield code="x">History and criticism</subfield>
          </datafield>
          <datafield ind1="0" ind2="0" tag="600">
            <subfield code="a">Apuleius</subfield>
            <subfield code="x">Appreciation</subfield>
            <subfield code="z">Italy</subfield>
          </datafield>
          <datafield ind1="0" ind2="0" tag="600">
            <subfield code="a">Apuleius</subfield>
            <subfield code="x">Translation into Italian</subfield>
            <subfield code="x">History and criticism</subfield>
          </datafield>
          <datafield ind1="0" ind2="0" tag="600">
            <subfield code="a">Apuleius</subfield>
            <subfield code="x">Translations into Italian</subfield>
            <subfield code="x">History and criticism</subfield>
          </datafield>
          <datafield ind1="1" ind2="0" tag="600">
            <subfield code="a">Apuleius</subfield>
            <subfield code="t">Metamorhoses</subfield>
          </datafield>
          <datafield ind1="1" ind2="0" tag="600">
            <subfield code="a">Apuleius</subfield>
            <subfield code="x">Translation into Italian</subfield>
            <subfield code="x">History and criticism</subfield>
          </datafield>
          <datafield ind1="0" ind2="7" tag="600">
            <subfield code="a">Apuleius</subfield>
            <subfield code="c">Madaurensis</subfield>
            <subfield code="x">Metamorphoses</subfield>
            <subfield code="2">idsbb</subfield>
          </datafield>
          <datafield ind1="0" ind2="7" tag="600">
            <subfield code="a">Apuleius</subfield>
            <subfield code="c">Madaurensis</subfield>
            <subfield code="x">Rezeption</subfield>
            <subfield code="2">idsbb</subfield>
          </datafield>
          <datafield ind1="1" ind2="7" tag="600">
            <subfield code="a">Apuleio, Lucio</subfield>
            <subfield code="t">Metamorphoseon libri XI</subfield>
            <subfield code="x">Volgarizzamenti</subfield>
            <subfield code="y">Sec. 15.-16.</subfield>
            <subfield code="2">sbt12</subfield>
          </datafield>
          <datafield ind1=" " ind2="7" tag="648">
            <subfield code="a">Geschichte 1350-1600</subfield>
            <subfield code="2">gnd</subfield>
          </datafield>
          <datafield ind1=" " ind2="7" tag="648">
            <subfield code="a">Geschichte 1350-1400</subfield>
            <subfield code="2">idszbz</subfield>
          </datafield>
          <datafield ind1=" " ind2="7" tag="648">
            <subfield code="a">Geschichte 1350-1600</subfield>
            <subfield code="2">idszbz</subfield>
          </datafield>
          <datafield ind1=" " ind2="7" tag="648">
            <subfield code="a">Geschichte 1400-1500</subfield>
            <subfield code="2">idszbz</subfield>
          </datafield>
          <datafield ind1=" " ind2="7" tag="648">
            <subfield code="a">Geschichte 1500-1600</subfield>
            <subfield code="2">idszbz</subfield>
          </datafield>
          <datafield ind1=" " ind2="7" tag="650">
            <subfield code="a">Renaissance</subfield>
            <subfield code="0">(RERO)A021128645</subfield>
            <subfield code="2">rero</subfield>
          </datafield>
          <datafield ind1=" " ind2="7" tag="650">
            <subfield code="a">Italienisch</subfield>
            <subfield code="2">idszbz</subfield>
          </datafield>
          <datafield ind1=" " ind2="7" tag="650">
            <subfield code="a">Literatur</subfield>
            <subfield code="2">idszbz</subfield>
          </datafield>
          <datafield ind1=" " ind2="7" tag="650">
            <subfield code="a">Italienisch</subfield>
            <subfield code="2">gnd</subfield>
          </datafield>
          <datafield ind1=" " ind2="7" tag="650">
            <subfield code="a">Literatur</subfield>
            <subfield code="2">gnd</subfield>
          </datafield>
          <datafield ind1=" " ind2="7" tag="650">
            <subfield code="a">Rezeption</subfield>
            <subfield code="2">gnd</subfield>
          </datafield>
          <datafield ind1=" " ind2="0" tag="650">
            <subfield code="a">Illustration of books</subfield>
            <subfield code="z">Italy</subfield>
            <subfield code="y">15th century</subfield>
          </datafield>
          <datafield ind1=" " ind2="0" tag="650">
            <subfield code="a">Latin language</subfield>
            <subfield code="x">Translating into Italian</subfield>
            <subfield code="x">History</subfield>
          </datafield>
          <datafield ind1=" " ind2="0" tag="650">
            <subfield code="a">Metamorphosis in art</subfield>
          </datafield>
          <datafield ind1=" " ind2="0" tag="650">
            <subfield code="a">Metamorphosis in literature</subfield>
          </datafield>
          <datafield ind1=" " ind2="0" tag="650">
            <subfield code="a">Mythology, Classical, in art</subfield>
          </datafield>
          <datafield ind1=" " ind2="0" tag="650">
            <subfield code="a">Mythology, Classical, in literature</subfield>
          </datafield>
          <datafield ind1=" " ind2="0" tag="650">
            <subfield code="a">Renaissance</subfield>
          </datafield>
          <datafield ind1=" " ind2="7" tag="650">
            <subfield code="a">Italienische Literatur</subfield>
            <subfield code="y">Geschichte 15. Jh</subfield>
            <subfield code="x">Quellen und Vorbilder</subfield>
            <subfield code="2">idsbb</subfield>
          </datafield>
          <datafield ind1=" " ind2="7" tag="651">
            <subfield code="a">Italie</subfield>
            <subfield code="2">idref</subfield>
          </datafield>
          <datafield ind1=" " ind2=" " tag="691">
            <subfield code="e">873.01</subfield>
            <subfield code="a">Poesia epica e narrativa latina, origini-499</subfield>
            <subfield code="2">usi-TE</subfield>
          </datafield>
          <datafield ind1=" " ind2=" " tag="830">
            <subfield code="a">Memoria del tempo</subfield>
            <subfield code="v">21</subfield>
            <subfield code="w">(SBT)000019739SBT01</subfield>
          </datafield>
          <datafield ind1="0" ind2="1" tag="852">
            <subfield code="a">41SLSP_UZB</subfield>
            <subfield code="6">990041791090205508</subfield>
            <subfield code="9">P</subfield>
          </datafield>
          <datafield ind1="0" ind2="1" tag="852">
            <subfield code="a">41SLSP_UNE</subfield>
            <subfield code="6">991005058639705517</subfield>
            <subfield code="9">P</subfield>
          </datafield>
          <datafield ind1="0" ind2="1" tag="852">
            <subfield code="a">41SLSP_UBE</subfield>
            <subfield code="6">99116834254805511</subfield>
            <subfield code="9">P</subfield>
          </datafield>
          <datafield ind1="0" ind2="1" tag="852">
            <subfield code="a">41SLSP_USI</subfield>
            <subfield code="6">990001739420205507</subfield>
            <subfield code="9">P</subfield>
          </datafield>
          <datafield ind1="0" ind2="1" tag="852">
            <subfield code="a">41SLSP_BCUFR</subfield>
            <subfield code="6">991004937749705509</subfield>
            <subfield code="9">P</subfield>
          </datafield>
          <datafield ind1="0" ind2="1" tag="852">
            <subfield code="a">41SLSP_UBS</subfield>
            <subfield code="6">9922863440105504</subfield>
            <subfield code="9">P</subfield>
          </datafield>
          <datafield ind1=" " ind2=" " tag="900">
            <subfield code="a">REROnoselfmerge</subfield>
          </datafield>
          <datafield ind1=" " ind2=" " tag="900">
            <subfield code="a">IDSZ2zbzmon200110f</subfield>
            <subfield code="c">IDSZ2gapa</subfield>
            <subfield code="d">IDSZ2zbzswk200111b</subfield>
            <subfield code="e">IDSZ2brua</subfield>
          </datafield>
        </record>
      </recordData>
      <recordIdentifier>991097978859705501</recordIdentifier>
      <recordPosition>28</recordPosition>
    </record>