
    <record>
      <recordSchema>marcxml</recordSchema>
      <recordPacking>xml</recordPacking>
      <recordData>
        <record xmlns="http://www.loc.gov/MARC21/slim">
          <leader>02562nam a2200661 c 4500</leader>
          <controlfield tag="001">991045963919705501</controlfield>
          <controlfield tag="005">20210130122545.0</controlfield>
          <controlfield tag="008">201011s2009    gw ||||| |||| 00| ||ger d</controlfield>
          <datafield ind1=" " ind2=" " tag="015">
            <subfield code="a">GFR-CIP-09,N26,1799</subfield>
            <subfield code="a">DNB-09,A33,0980</subfield>
          </datafield>
          <datafield ind1="7" ind2=" " tag="016">
            <subfield code="a">994678533</subfield>
            <subfield code="2">GyFmDB</subfield>
          </datafield>
          <datafield ind1=" " ind2=" " tag="020">
            <subfield code="a">9783631589496</subfield>
            <subfield code="q">kart.</subfield>
          </datafield>
          <datafield ind1=" " ind2=" " tag="035">
            <subfield code="a">(swissbib)231288115-41slsp_network</subfield>
          </datafield>
          <datafield ind1=" " ind2=" " tag="035">
            <subfield code="a">231288115</subfield>
            <subfield code="9">ExL</subfield>
          </datafield>
          <datafield ind1=" " ind2=" " tag="035">
            <subfield code="a">(RERO)R005197099-41slsp</subfield>
          </datafield>
          <datafield ind1=" " ind2=" " tag="035">
            <subfield code="a">(IDSBB)004973116DSV01</subfield>
          </datafield>
          <datafield ind1=" " ind2=" " tag="035">
            <subfield code="a">(IDSLU)000708702ILU01</subfield>
          </datafield>
          <datafield ind1=" " ind2=" " tag="040">
            <subfield code="a">Sz</subfield>
            <subfield code="d">CH-ZuSLS</subfield>
          </datafield>
          <datafield ind1="0" ind2=" " tag="041">
            <subfield code="a">ger</subfield>
          </datafield>
          <datafield ind1=" " ind2=" " tag="044">
            <subfield code="a">sz</subfield>
            <subfield code="c">ch-be</subfield>
          </datafield>
          <datafield ind1=" " ind2="7" tag="072">
            <subfield code="a">ss</subfield>
            <subfield code="2">rero</subfield>
          </datafield>
          <datafield ind1=" " ind2="7" tag="072">
            <subfield code="a">fs</subfield>
            <subfield code="2">SzZuIDS BS/BE</subfield>
          </datafield>
          <datafield ind1=" " ind2="7" tag="072">
            <subfield code="a">140</subfield>
            <subfield code="2">IDS LU</subfield>
          </datafield>
          <datafield ind1="1" ind2="4" tag="082">
            <subfield code="a">440</subfield>
            <subfield code="2">15</subfield>
          </datafield>
          <datafield ind1=" " ind2=" " tag="084">
            <subfield code="a">ID 6530</subfield>
            <subfield code="2">rvk</subfield>
          </datafield>
          <datafield ind1=" " ind2=" " tag="084">
            <subfield code="a">MR 2600</subfield>
            <subfield code="2">rvk</subfield>
          </datafield>
          <datafield ind1=" " ind2=" " tag="084">
            <subfield code="a">AP 16200</subfield>
            <subfield code="2">rvk</subfield>
          </datafield>
          <datafield ind1="1" ind2=" " tag="100">
            <subfield code="a">Vogel, Friedmann</subfield>
            <subfield code="0">(RERO)A016847793</subfield>
            <subfield code="4">cre</subfield>
          </datafield>
          <datafield ind1="1" ind2="0" tag="245">
            <subfield code="a">"Aufstand" - "Revolte" - "Widerstand"</subfield>
            <subfield code="b">linguistische Medienkursanalyse der Ereignisse in den Pariser Vorstädten 2005</subfield>
            <subfield code="c">Friedemann Vogel ; mit einem Vorw. von Ekkehard Felder</subfield>
          </datafield>
          <datafield ind1="1" ind2=" " tag="246">
            <subfield code="a">Linguistische Medienkursanalyse der Ereignisse in den Pariser Vorstädten 2005</subfield>
          </datafield>
          <datafield ind1=" " ind2="1" tag="264">
            <subfield code="a">Frankfurt a.M.</subfield>
            <subfield code="a">Bern [etc.]</subfield>
            <subfield code="b">P. Lang</subfield>
            <subfield code="c">[2009]</subfield>
          </datafield>
          <datafield ind1=" " ind2="4" tag="264">
            <subfield code="c">© 2009</subfield>
          </datafield>
          <datafield ind1=" " ind2=" " tag="300">
            <subfield code="a">190 S.</subfield>
            <subfield code="b">Ill.</subfield>
            <subfield code="c">21 cm</subfield>
          </datafield>
          <datafield ind1=" " ind2=" " tag="336">
            <subfield code="b">txt</subfield>
            <subfield code="2">rdacontent</subfield>
          </datafield>
          <datafield ind1=" " ind2=" " tag="337">
            <subfield code="b">n</subfield>
            <subfield code="2">rdamedia</subfield>
          </datafield>
          <datafield ind1=" " ind2=" " tag="338">
            <subfield code="b">nc</subfield>
            <subfield code="2">rdacarrier</subfield>
          </datafield>
          <datafield ind1="1" ind2=" " tag="490">
            <subfield code="a">Europäische Hochschulschriften. Reihe 21, Linguistik</subfield>
            <subfield code="v">Bd. 343</subfield>
          </datafield>
          <datafield ind1=" " ind2=" " tag="500">
            <subfield code="a">Literaturverz. S. 123 - 132</subfield>
          </datafield>
          <datafield ind1=" " ind2=" " tag="504">
            <subfield code="a">Literaturverz.</subfield>
          </datafield>
          <datafield ind1=" " ind2="7" tag="648">
            <subfield code="a">Geschichte 2005</subfield>
            <subfield code="2">gnd</subfield>
          </datafield>
          <datafield ind1=" " ind2="7" tag="650">
            <subfield code="a">catégorisation sociale</subfield>
            <subfield code="0">(RERO)A010061274</subfield>
            <subfield code="2">rerovoc</subfield>
          </datafield>
          <datafield ind1=" " ind2="7" tag="650">
            <subfield code="a">Linguistique</subfield>
            <subfield code="0">(RERO)A021001951</subfield>
            <subfield code="2">rero</subfield>
          </datafield>
          <datafield ind1=" " ind2="7" tag="650">
            <subfield code="a">2005</subfield>
            <subfield code="2">rero</subfield>
          </datafield>
          <datafield ind1=" " ind2="7" tag="650">
            <subfield code="a">Émeutes</subfield>
            <subfield code="0">(RERO)A021012026</subfield>
            <subfield code="2">rero</subfield>
          </datafield>
          <datafield ind1=" " ind2="7" tag="650">
            <subfield code="a">Banlieues</subfield>
            <subfield code="0">(RERO)A021004648</subfield>
            <subfield code="2">rero</subfield>
          </datafield>
          <datafield ind1=" " ind2="7" tag="650">
            <subfield code="a">Médias</subfield>
            <subfield code="0">(RERO)A021002050</subfield>
            <subfield code="2">rero</subfield>
          </datafield>
          <datafield ind1=" " ind2="7" tag="650">
            <subfield code="a">Unruhen</subfield>
            <subfield code="2">gnd</subfield>
          </datafield>
          <datafield ind1=" " ind2="7" tag="650">
            <subfield code="a">Medien</subfield>
            <subfield code="2">gnd</subfield>
          </datafield>
          <datafield ind1=" " ind2="7" tag="650">
            <subfield code="a">Darstellung</subfield>
            <subfield code="2">gnd</subfield>
          </datafield>
          <datafield ind1=" " ind2="7" tag="650">
            <subfield code="a">Sprachanalyse</subfield>
            <subfield code="2">gnd</subfield>
          </datafield>
          <datafield ind1=" " ind2="7" tag="650">
            <subfield code="a">Diskurs</subfield>
            <subfield code="2">gnd</subfield>
          </datafield>
          <datafield ind1=" " ind2="7" tag="651">
            <subfield code="a">Allemagne</subfield>
            <subfield code="0">(RERO)A009955860</subfield>
            <subfield code="2">rero</subfield>
          </datafield>
          <datafield ind1=" " ind2="7" tag="651">
            <subfield code="a">Paris (France)</subfield>
            <subfield code="0">(RERO)A010016448</subfield>
            <subfield code="2">rero</subfield>
          </datafield>
          <datafield ind1=" " ind2="7" tag="651">
            <subfield code="a">Paris</subfield>
            <subfield code="2">gnd</subfield>
          </datafield>
          <datafield ind1="1" ind2=" " tag="700">
            <subfield code="a">Vogel, Friedemann</subfield>
            <subfield code="d">1983-</subfield>
          </datafield>
          <datafield ind1="4" ind2=" " tag="856">
            <subfield code="3">Inhaltsverzeichnis</subfield>
            <subfield code="u">http://d-nb.info/994678533/04</subfield>
            <subfield code="q">pdf</subfield>
          </datafield>
          <datafield ind1=" " ind2="0" tag="830">
            <subfield code="a">Europäische Hochschulschriften</subfield>
            <subfield code="p">Reihe 21, Linguistik</subfield>
            <subfield code="v">343</subfield>
            <subfield code="w">(RERO)0260626-41slsp</subfield>
          </datafield>
          <datafield ind1=" " ind2="0" tag="830">
            <subfield code="a">Europäische Hochschulschriften</subfield>
            <subfield code="n">Reihe 21</subfield>
            <subfield code="n">Series 21</subfield>
            <subfield code="p">Linguistik</subfield>
            <subfield code="p">Linguistics</subfield>
            <subfield code="v">343</subfield>
            <subfield code="w">(IDSBB)000099185DSV01</subfield>
          </datafield>
          <datafield ind1="0" ind2="1" tag="852">
            <subfield code="a">41SLSP_RZS</subfield>
            <subfield code="6">997087020105505</subfield>
            <subfield code="9">P</subfield>
          </datafield>
          <datafield ind1="0" ind2="1" tag="852">
            <subfield code="a">41SLSP_BCUFR</subfield>
            <subfield code="6">991008574469705509</subfield>
            <subfield code="9">P</subfield>
          </datafield>
          <datafield ind1="0" ind2="1" tag="852">
            <subfield code="a">41SLSP_UBS</subfield>
            <subfield code="6">9949731160105504</subfield>
            <subfield code="9">P</subfield>
          </datafield>
          <datafield ind1=" " ind2=" " tag="900">
            <subfield code="a">REROnoselfmerge</subfield>
          </datafield>
        </record>
      </recordData>
      <recordIdentifier>991045963919705501</recordIdentifier>
      <recordPosition>29</recordPosition>
    </record>