
    <record>
      <recordSchema>marcxml</recordSchema>
      <recordPacking>xml</recordPacking>
      <recordData>
        <record xmlns="http://www.loc.gov/MARC21/slim">
          <leader>03947cam a2200445 i 4500</leader>
          <controlfield tag="001">991170679985105501</controlfield>
          <controlfield tag="005">20130802133101.0</controlfield>
          <controlfield tag="006">m     o  d</controlfield>
          <controlfield tag="007">cr un    uuuua</controlfield>
          <controlfield tag="008">120504s2010    gw ah   ob    000 0 ger^^</controlfield>
          <datafield ind1=" " ind2=" " tag="020">
            <subfield code="a">3-657-77030-5</subfield>
          </datafield>
          <datafield ind1="7" ind2=" " tag="024">
            <subfield code="a">10.30965/9783657770304</subfield>
            <subfield code="2">DOI</subfield>
          </datafield>
          <datafield ind1=" " ind2=" " tag="035">
            <subfield code="a">(CKB)4920000000124986</subfield>
          </datafield>
          <datafield ind1=" " ind2=" " tag="035">
            <subfield code="a">(OCoLC)643552706 (print ed.)</subfield>
          </datafield>
          <datafield ind1=" " ind2=" " tag="035">
            <subfield code="a">(nllekb)BRILL9783657770304</subfield>
          </datafield>
          <datafield ind1=" " ind2=" " tag="035">
            <subfield code="a">(EXLCZ)994920000000124986</subfield>
          </datafield>
          <datafield ind1=" " ind2=" " tag="040">
            <subfield code="a">NL-LeKB</subfield>
            <subfield code="c">NL-LeKB</subfield>
            <subfield code="e">rda</subfield>
          </datafield>
          <datafield ind1="0" ind2="0" tag="050">
            <subfield code="a">BS460.S53</subfield>
            <subfield code="b">B53 2010</subfield>
          </datafield>
          <datafield ind1=" " ind2="7" tag="072">
            <subfield code="a">HRL</subfield>
            <subfield code="2">bicssc</subfield>
          </datafield>
          <datafield ind1=" " ind2="7" tag="072">
            <subfield code="a">REL</subfield>
            <subfield code="x">022000</subfield>
            <subfield code="2">bisacsh</subfield>
          </datafield>
          <datafield ind1=" " ind2="7" tag="072">
            <subfield code="a">REL</subfield>
            <subfield code="x">041000</subfield>
            <subfield code="2">bisacsh</subfield>
          </datafield>
          <datafield ind1="0" ind2="0" tag="245">
            <subfield code="a">"Biblia Slavica" :</subfield>
            <subfield code="b">Referate bei der öffentlichen Präsentation in der Nordrhein-Westfälischen Akademie der Wissenschaften und der Künste am 28. November 2008 /</subfield>
            <subfield code="c">herausgegeben von Hans Rothe.</subfield>
          </datafield>
          <datafield ind1=" " ind2="1" tag="264">
            <subfield code="a">Paderborn :</subfield>
            <subfield code="b">Verlag Ferdinand Schöningh,</subfield>
            <subfield code="c">2010.</subfield>
          </datafield>
          <datafield ind1=" " ind2=" " tag="300">
            <subfield code="a">1 online resource.</subfield>
          </datafield>
          <datafield ind1=" " ind2=" " tag="336">
            <subfield code="a">text</subfield>
            <subfield code="b">txt</subfield>
            <subfield code="2">rdacontent</subfield>
          </datafield>
          <datafield ind1=" " ind2=" " tag="337">
            <subfield code="a">computer</subfield>
            <subfield code="b">c</subfield>
            <subfield code="2">rdamedia</subfield>
          </datafield>
          <datafield ind1=" " ind2=" " tag="338">
            <subfield code="a">online resource</subfield>
            <subfield code="2">rdacarrier</subfield>
          </datafield>
          <datafield ind1="1" ind2=" " tag="490">
            <subfield code="a">Nordrhein-Westfälische Akademie der Wissenschaften und der Künste - Abhandlungen beider Klassen;</subfield>
            <subfield code="v">volume123</subfield>
          </datafield>
          <datafield ind1=" " ind2=" " tag="520">
            <subfield code="a">Die Nordrhein-Westfälische Akademie der Wissenschaften und der Künste ist eine Vereinigung der führenden Forscherinnen und Forscher des Landes. Sie wurde 1970 als Nachfolgeeinrichtung der Arbeitsgemeinschaft für Forschung des Landes Nordrhein-Westfalen gegründet. Die Akademie ist in drei wissenschaftliche Klassen für Geisteswissenschaften, für Naturwissenschaften und Medizin sowie für Ingenieur- und Wirtschaftswissenschaften und in eine Klasse der Künste gegliedert. Mit Publikationen zu den wissenschaftlichen Vorträgen in den Klassensitzungen, zu öffentlichen Veranstaltungen und Symposien will die Akademie die Fach- und allgemeine Öffentlichkeit über die Arbeiten der Akademie und ihrer Forschungsstellen informieren.</subfield>
          </datafield>
          <datafield ind1=" " ind2=" " tag="500">
            <subfield code="a">International conference proceedings.</subfield>
          </datafield>
          <datafield ind1=" " ind2=" " tag="504">
            <subfield code="a">Includes bibliographical references.</subfield>
          </datafield>
          <datafield ind1="0" ind2="0" tag="505">
            <subfield code="t">Preliminary Material -- Einführung -- Gründe für die Sprachliche und Literarische Vielfalt in den ältesten Slavischen Bibelübersetzungen /</subfield>
            <subfield code="r">Jože Krašovec -- Tschechische Bibelübersetzungen und die Kralitzer Bibel /</subfield>
            <subfield code="r">Christian Hannick -- Slovenische Bibelübersetzungen des 16. Jahrhunderts - Sprachentwicklungen in den Übersetzungen von Dalmatin /</subfield>
            <subfield code="r">Majda Merše -- Biblia Slavica, vor Allem Polnische Bibeln -- Die Kroatische Bibel des Bartol Kašić (1625). Schicksal und Folgen /</subfield>
            <subfield code="r">Ivan Golub -- Sorbische Katholische Bibeln von Jurij Hawštyn Swětlik bis ins 20. Jahrhundert /</subfield>
            <subfield code="r">Ludger Udolph -- Das Neue Testament in der Moskauer Übersetzung aus dem Letzten Drittel des 17. Jahrhunderts /</subfield>
            <subfield code="r">Tat'jana A. Isačenko -- Die Sprache der Kamaldulenser-Bibel im Kontext Ihrer Zeit /</subfield>
            <subfield code="r">Ján Dorul'a -- Zum Stand der Edition der Bretke-Bibel und zur Ästhetik des Hohenliedes Bei Bretke /</subfield>
            <subfield code="r">Stephan Kessler -- Die Serien und Bände der Biblia „Slavica" -- Mit Arbeiter an der „Biblia Slavica" -- Autoren von Geleitworten.</subfield>
          </datafield>
          <datafield ind1="0" ind2="0" tag="630">
            <subfield code="a">Bible</subfield>
            <subfield code="x">Versions, Slavic</subfield>
            <subfield code="v">Congresses.</subfield>
          </datafield>
          <datafield ind1="0" ind2="0" tag="630">
            <subfield code="a">Bible</subfield>
            <subfield code="x">Translating</subfield>
            <subfield code="v">Congresses.</subfield>
          </datafield>
          <datafield ind1=" " ind2="4" tag="655">
            <subfield code="a">Electronic books.</subfield>
          </datafield>
          <datafield ind1="1" ind2=" " tag="700">
            <subfield code="a">Rothe, Hans,</subfield>
            <subfield code="d">1928-</subfield>
          </datafield>
          <datafield ind1=" " ind2=" " tag="776">
            <subfield code="z">3-506-77030-6</subfield>
          </datafield>
          <datafield ind1=" " ind2="0" tag="830">
            <subfield code="a">Nordrhein-Westfälische Akademie der Wissenschaften und der Künste - Abhandlungen beider Klassen;</subfield>
            <subfield code="v">volume123.</subfield>
          </datafield>
          <datafield ind1="0" ind2="1" tag="852">
            <subfield code="a">41SLSP_HPH</subfield>
            <subfield code="6">991001414686405520</subfield>
            <subfield code="9">E</subfield>
          </datafield>
          <datafield ind1=" " ind2=" " tag="906">
            <subfield code="a">BOOK</subfield>
          </datafield>
        </record>
      </recordData>
      <recordIdentifier>991170679985105501</recordIdentifier>
      <recordPosition>30</recordPosition>
    </record>