
    <record>
      <recordSchema>marcxml</recordSchema>
      <recordPacking>xml</recordPacking>
      <recordData>
        <record xmlns="http://www.loc.gov/MARC21/slim">
          <leader>03191nam a2200637 c 4500</leader>
          <controlfield tag="001">991013375119705501</controlfield>
          <controlfield tag="005">20201231104137.0</controlfield>
          <controlfield tag="008">201012s2010    gw            00| | ger^^</controlfield>
          <datafield ind1=" " ind2=" " tag="020">
            <subfield code="a">9783506770301</subfield>
          </datafield>
          <datafield ind1=" " ind2=" " tag="020">
            <subfield code="a">3506770306</subfield>
          </datafield>
          <datafield ind1=" " ind2=" " tag="035">
            <subfield code="a">(swissbib)236681281-41slsp_network</subfield>
          </datafield>
          <datafield ind1=" " ind2=" " tag="035">
            <subfield code="a">236681281</subfield>
            <subfield code="9">ExL</subfield>
          </datafield>
          <datafield ind1=" " ind2=" " tag="035">
            <subfield code="a">(IDSBB)005282580DSV01</subfield>
          </datafield>
          <datafield ind1=" " ind2=" " tag="035">
            <subfield code="a">(NEBIS)006113407EBI01</subfield>
          </datafield>
          <datafield ind1=" " ind2=" " tag="035">
            <subfield code="a">(OCoLC)643552706</subfield>
          </datafield>
          <datafield ind1=" " ind2=" " tag="040">
            <subfield code="a">GyFmHBV</subfield>
            <subfield code="e">kids</subfield>
            <subfield code="d">CH-ZuSLS</subfield>
          </datafield>
          <datafield ind1=" " ind2="7" tag="072">
            <subfield code="a">th</subfield>
            <subfield code="2">SzZuIDS BS/BE</subfield>
          </datafield>
          <datafield ind1="0" ind2="4" tag="082">
            <subfield code="a">220.5918</subfield>
            <subfield code="2">22/ger</subfield>
          </datafield>
          <datafield ind1=" " ind2=" " tag="084">
            <subfield code="a">AX 11030</subfield>
            <subfield code="2">rvk</subfield>
          </datafield>
          <datafield ind1="0" ind2="0" tag="245">
            <subfield code="a">"Biblia Slavica"</subfield>
            <subfield code="b">Referate bei der öffentlichen Präsentation in der Nordrhein-Westfälischen Akademie der Wissenschaften und der Künste am 28. November 2008</subfield>
            <subfield code="c">hrsg. von Hans Rothe</subfield>
          </datafield>
          <datafield ind1=" " ind2="1" tag="264">
            <subfield code="a">Paderborn</subfield>
            <subfield code="b">Verlag Ferdinand Schöningh</subfield>
            <subfield code="c">2010</subfield>
          </datafield>
          <datafield ind1=" " ind2=" " tag="300">
            <subfield code="a">VI, 234 S.</subfield>
            <subfield code="b">Ill</subfield>
          </datafield>
          <datafield ind1=" " ind2=" " tag="336">
            <subfield code="b">txt</subfield>
            <subfield code="2">rdacontent</subfield>
          </datafield>
          <datafield ind1=" " ind2=" " tag="337">
            <subfield code="b">n</subfield>
            <subfield code="2">rdamedia</subfield>
          </datafield>
          <datafield ind1=" " ind2=" " tag="338">
            <subfield code="b">nc</subfield>
            <subfield code="2">rdacarrier</subfield>
          </datafield>
          <datafield ind1="1" ind2=" " tag="490">
            <subfield code="a">Abhandlungen der Nordrhein-westfälischen Akademie der Wissenschaften und der Künste</subfield>
            <subfield code="v">Bd. 123</subfield>
          </datafield>
          <datafield ind1=" " ind2=" " tag="504">
            <subfield code="a">Literaturangaben</subfield>
          </datafield>
          <datafield ind1="0" ind2="7" tag="630">
            <subfield code="a">Bibel</subfield>
            <subfield code="2">gnd</subfield>
          </datafield>
          <datafield ind1="0" ind2="7" tag="630">
            <subfield code="a">Bibel</subfield>
            <subfield code="2">idszbz</subfield>
          </datafield>
          <datafield ind1="0" ind2="0" tag="630">
            <subfield code="a">Bible</subfield>
            <subfield code="x">Translating</subfield>
            <subfield code="v">Congresses</subfield>
          </datafield>
          <datafield ind1="0" ind2="0" tag="630">
            <subfield code="a">Bible</subfield>
            <subfield code="x">Versions, Slavic</subfield>
            <subfield code="v">Congresses</subfield>
          </datafield>
          <datafield ind1=" " ind2="7" tag="648">
            <subfield code="a">Geschichte (umfassend)</subfield>
            <subfield code="2">idszbz</subfield>
          </datafield>
          <datafield ind1=" " ind2="7" tag="650">
            <subfield code="a">Slawische Sprachen</subfield>
            <subfield code="2">gnd</subfield>
          </datafield>
          <datafield ind1=" " ind2="7" tag="650">
            <subfield code="a">Übersetzung</subfield>
            <subfield code="2">gnd</subfield>
          </datafield>
          <datafield ind1=" " ind2="7" tag="650">
            <subfield code="a">Übersetzung</subfield>
            <subfield code="2">idszbz</subfield>
          </datafield>
          <datafield ind1=" " ind2="7" tag="650">
            <subfield code="a">Slawische Sprachen</subfield>
            <subfield code="2">idszbz</subfield>
          </datafield>
          <datafield ind1=" " ind2="7" tag="650">
            <subfield code="a">BIBEL + HEILIGE SCHRIFT (THEOLOGIE)</subfield>
            <subfield code="9">ger</subfield>
            <subfield code="0">(ETHUDK)000009801</subfield>
            <subfield code="2">ethudk</subfield>
          </datafield>
          <datafield ind1=" " ind2="7" tag="650">
            <subfield code="a">BUCHGESCHICHTE</subfield>
            <subfield code="9">ger</subfield>
            <subfield code="0">(ETHUDK)000050172</subfield>
            <subfield code="2">ethudk</subfield>
          </datafield>
          <datafield ind1=" " ind2="7" tag="650">
            <subfield code="a">KOMMENTIERTE AUSGABEN (LITERATURWISSENSCHAFT)</subfield>
            <subfield code="9">ger</subfield>
            <subfield code="0">(ETHUDK)000042560</subfield>
            <subfield code="2">ethudk</subfield>
          </datafield>
          <datafield ind1=" " ind2="7" tag="650">
            <subfield code="a">KROATIEN (SÜDOSTEUROPA). REPUBLIK KROATIEN</subfield>
            <subfield code="9">ger</subfield>
            <subfield code="0">(ETHUDK)000006168</subfield>
            <subfield code="2">ethudk</subfield>
          </datafield>
          <datafield ind1=" " ind2="7" tag="650">
            <subfield code="a">NEUES TESTAMENT (THEOLOGIE)</subfield>
            <subfield code="9">ger</subfield>
            <subfield code="0">(ETHUDK)000009811</subfield>
            <subfield code="2">ethudk</subfield>
          </datafield>
          <datafield ind1=" " ind2="7" tag="650">
            <subfield code="a">POLEN (OSTEUROPA). REPUBLIK POLEN</subfield>
            <subfield code="9">ger</subfield>
            <subfield code="0">(ETHUDK)000003164</subfield>
            <subfield code="2">ethudk</subfield>
          </datafield>
          <datafield ind1=" " ind2="7" tag="650">
            <subfield code="a">RELIGIONSGESCHICHTE (THEOLOGIE)</subfield>
            <subfield code="9">ger</subfield>
            <subfield code="0">(ETHUDK)000041639</subfield>
            <subfield code="2">ethudk</subfield>
          </datafield>
          <datafield ind1=" " ind2="7" tag="650">
            <subfield code="a">RUSSLAND (AB 1991 UND VOR 1917). RUSSISCHE FÖDERATION</subfield>
            <subfield code="9">ger</subfield>
            <subfield code="0">(ETHUDK)000047272</subfield>
            <subfield code="2">ethudk</subfield>
          </datafield>
          <datafield ind1=" " ind2="7" tag="650">
            <subfield code="a">SLAWISCHE SPRACHEN (SPRACHWISSENSCHAFT)</subfield>
            <subfield code="9">ger</subfield>
            <subfield code="0">(ETHUDK)000036325</subfield>
            <subfield code="2">ethudk</subfield>
          </datafield>
          <datafield ind1=" " ind2="7" tag="650">
            <subfield code="a">SLOWENIEN (SÜDOSTEUROPA). REPUBLIK SLOWENIEN</subfield>
            <subfield code="9">ger</subfield>
            <subfield code="0">(ETHUDK)000006164</subfield>
            <subfield code="2">ethudk</subfield>
          </datafield>
          <datafield ind1=" " ind2="7" tag="650">
            <subfield code="a">TSCHECHIEN (MITTELEUROPA) TSCHECHISCHE REPUBLIK</subfield>
            <subfield code="9">ger</subfield>
            <subfield code="0">(ETHUDK)000003097</subfield>
            <subfield code="2">ethudk</subfield>
          </datafield>
          <datafield ind1=" " ind2="7" tag="650">
            <subfield code="a">ÜBERSETZUNGEN</subfield>
            <subfield code="9">ger</subfield>
            <subfield code="0">(ETHUDK)000041906</subfield>
            <subfield code="2">ethudk</subfield>
          </datafield>
          <datafield ind1=" " ind2="7" tag="655">
            <subfield code="a">Konferenzschrift</subfield>
            <subfield code="z">Düsseldorf</subfield>
            <subfield code="y">2008</subfield>
            <subfield code="2">gnd-content</subfield>
          </datafield>
          <datafield ind1=" " ind2="7" tag="655">
            <subfield code="a">Aufsatzsammlung</subfield>
            <subfield code="2">idszbz</subfield>
          </datafield>
          <datafield ind1=" " ind2="7" tag="655">
            <subfield code="a">Konferenzschrift</subfield>
            <subfield code="2">gnd-content</subfield>
          </datafield>
          <datafield ind1="1" ind2=" " tag="700">
            <subfield code="a">Rothe, Hans</subfield>
            <subfield code="d">1928-</subfield>
          </datafield>
          <datafield ind1="2" ind2=" " tag="710">
            <subfield code="a">Nordrhein-Westfälische Akademie der Wissenschaften und der Künste</subfield>
          </datafield>
          <datafield ind1="4" ind2=" " tag="856">
            <subfield code="3">Titelblatt und Inhaltsverzeichnis</subfield>
            <subfield code="u">https://toc.library.ethz.ch/objects/pdf/e01_978-3-506-77030-1_01.pdf</subfield>
            <subfield code="q">pdf</subfield>
          </datafield>
          <datafield ind1=" " ind2=" " tag="830">
            <subfield code="a">Abhandlungen der Nordrhein-Westfälischen Akademie der Wissenschaften und der Künste</subfield>
            <subfield code="v">123</subfield>
            <subfield code="w">(IDSBB)001063447DSV01</subfield>
          </datafield>
          <datafield ind1="0" ind2="1" tag="852">
            <subfield code="a">41SLSP_UZB</subfield>
            <subfield code="6">990061134070205508</subfield>
            <subfield code="9">P</subfield>
          </datafield>
          <datafield ind1="0" ind2="1" tag="852">
            <subfield code="a">41SLSP_ETH</subfield>
            <subfield code="6">990061134070205503</subfield>
            <subfield code="9">P</subfield>
          </datafield>
          <datafield ind1="0" ind2="1" tag="852">
            <subfield code="a">41SLSP_UBE</subfield>
            <subfield code="6">99116928380805511</subfield>
            <subfield code="9">P</subfield>
          </datafield>
          <datafield ind1="0" ind2="1" tag="852">
            <subfield code="a">41SLSP_UBS</subfield>
            <subfield code="6">9952825800105504</subfield>
            <subfield code="9">P</subfield>
          </datafield>
          <datafield ind1=" " ind2=" " tag="900">
            <subfield code="a">IDSZ2zbzmon201105l</subfield>
            <subfield code="c">IDSZ2proc</subfield>
            <subfield code="d">IDSZ2zbzswk201106b</subfield>
            <subfield code="e">IDSZ2schu</subfield>
          </datafield>
        </record>
      </recordData>
      <recordIdentifier>991013375119705501</recordIdentifier>
      <recordPosition>31</recordPosition>
    </record>