
    <record>
      <recordSchema>marcxml</recordSchema>
      <recordPacking>xml</recordPacking>
      <recordData>
        <record xmlns="http://www.loc.gov/MARC21/slim">
          <leader>00996nam a2200277 c 4500</leader>
          <controlfield tag="001">991072990959705501</controlfield>
          <controlfield tag="005">20201222215651.0</controlfield>
          <controlfield tag="008">160526s2014    gw ||||| |||| 00| ||ger^^</controlfield>
          <datafield ind1=" " ind2=" " tag="020">
            <subfield code="a">9783407629098</subfield>
          </datafield>
          <datafield ind1=" " ind2=" " tag="035">
            <subfield code="a">(swissbib)205465773-41slsp_network</subfield>
          </datafield>
          <datafield ind1=" " ind2=" " tag="035">
            <subfield code="a">205465773</subfield>
            <subfield code="9">ExL</subfield>
          </datafield>
          <datafield ind1=" " ind2=" " tag="035">
            <subfield code="a">(NEBIS)011021805EBI01</subfield>
          </datafield>
          <datafield ind1=" " ind2=" " tag="040">
            <subfield code="a">SzZuIDS NEBIS PHGR</subfield>
            <subfield code="b">ger</subfield>
            <subfield code="d">CH-ZuSLS</subfield>
          </datafield>
          <datafield ind1="1" ind2=" " tag="100">
            <subfield code="a">Exner, Susanne</subfield>
          </datafield>
          <datafield ind1="1" ind2="0" tag="245">
            <subfield code="a">"Biete Bruder! Suche Hund!" im Unterricht</subfield>
            <subfield code="n">3./4. Klasse</subfield>
            <subfield code="b">Lehrerhandreichung zum Kinderroman von Nikola Huppertz : mit Kopiervorlagen und Lösungsvorschlägen</subfield>
            <subfield code="c">erarb. von Susanne Exner</subfield>
          </datafield>
          <datafield ind1=" " ind2="1" tag="264">
            <subfield code="a">Weinheim</subfield>
            <subfield code="b">Beltz</subfield>
            <subfield code="c">2014</subfield>
          </datafield>
          <datafield ind1=" " ind2=" " tag="300">
            <subfield code="a">24 S.</subfield>
          </datafield>
          <datafield ind1="0" ind2=" " tag="490">
            <subfield code="a">Lesen. Verstehen. Lernen</subfield>
            <subfield code="v">Nr. 123</subfield>
          </datafield>
          <datafield ind1=" " ind2="4" tag="650">
            <subfield code="a">Lesekompetenz</subfield>
          </datafield>
          <datafield ind1=" " ind2="4" tag="650">
            <subfield code="a">Literaturvermittlung</subfield>
          </datafield>
          <datafield ind1=" " ind2="4" tag="650">
            <subfield code="a">Lesemotivation</subfield>
          </datafield>
          <datafield ind1=" " ind2="7" tag="655">
            <subfield code="a">Lehrmittel</subfield>
            <subfield code="2">gnd-content</subfield>
          </datafield>
          <datafield ind1="1" ind2=" " tag="700">
            <subfield code="a">Huppertz, Nikola</subfield>
          </datafield>
          <datafield ind1="0" ind2=" " tag="772">
            <subfield code="i">Lesebuch</subfield>
            <subfield code="t">Biete Bruder! Suche Hund!</subfield>
            <subfield code="w">(NEBIS)000656442EBI01</subfield>
          </datafield>
          <datafield ind1="0" ind2="1" tag="852">
            <subfield code="a">41SLSP_RZH</subfield>
            <subfield code="6">990110218050205526</subfield>
            <subfield code="9">P</subfield>
          </datafield>
          <datafield ind1=" " ind2=" " tag="900">
            <subfield code="a">IDSERPHGRIMPORT</subfield>
          </datafield>
          <datafield ind1=" " ind2=" " tag="900">
            <subfield code="a">IDSERPHGR-PRIMO-INDEX</subfield>
          </datafield>
        </record>
      </recordData>
      <recordIdentifier>991072990959705501</recordIdentifier>
      <recordPosition>32</recordPosition>
    </record>