
    <record>
      <recordSchema>marcxml</recordSchema>
      <recordPacking>xml</recordPacking>
      <recordData>
        <record xmlns="http://www.loc.gov/MARC21/slim">
          <leader>01529nam  2200349 a 4500</leader>
          <controlfield tag="001">991170728868405501</controlfield>
          <controlfield tag="005">20170810191209.0</controlfield>
          <controlfield tag="006">m     o  d |</controlfield>
          <controlfield tag="007">cr -n---------</controlfield>
          <controlfield tag="008">110519s2011    gw      obm   001 0dger d</controlfield>
          <datafield ind1=" " ind2=" " tag="010">
            <subfield code="z">2011430216</subfield>
          </datafield>
          <datafield ind1=" " ind2=" " tag="020">
            <subfield code="a">3-666-53098-2</subfield>
          </datafield>
          <datafield ind1=" " ind2=" " tag="020">
            <subfield code="a">1-280-98947-5</subfield>
          </datafield>
          <datafield ind1=" " ind2=" " tag="020">
            <subfield code="a">9786613761088</subfield>
          </datafield>
          <datafield ind1=" " ind2=" " tag="020">
            <subfield code="a">3-647-53098-0</subfield>
          </datafield>
          <datafield ind1=" " ind2=" " tag="035">
            <subfield code="a">(CKB)2550000000065647</subfield>
          </datafield>
          <datafield ind1=" " ind2=" " tag="035">
            <subfield code="a">(EBL)849714</subfield>
          </datafield>
          <datafield ind1=" " ind2=" " tag="035">
            <subfield code="a">(OCoLC)819595668</subfield>
          </datafield>
          <datafield ind1=" " ind2=" " tag="035">
            <subfield code="a">(SSID)ssj0000631356</subfield>
          </datafield>
          <datafield ind1=" " ind2=" " tag="035">
            <subfield code="a">(PQKBManifestationID)11428846</subfield>
          </datafield>
          <datafield ind1=" " ind2=" " tag="035">
            <subfield code="a">(PQKBTitleCode)TC0000631356</subfield>
          </datafield>
          <datafield ind1=" " ind2=" " tag="035">
            <subfield code="a">(PQKBWorkID)10591522</subfield>
          </datafield>
          <datafield ind1=" " ind2=" " tag="035">
            <subfield code="a">(PQKB)10510186</subfield>
          </datafield>
          <datafield ind1=" " ind2=" " tag="035">
            <subfield code="a">(MiAaPQ)EBC849714</subfield>
          </datafield>
          <datafield ind1=" " ind2=" " tag="035">
            <subfield code="a">(EXLCZ)992550000000065647</subfield>
          </datafield>
          <datafield ind1=" " ind2=" " tag="040">
            <subfield code="a">MiAaPQ</subfield>
            <subfield code="c">MiAaPQ</subfield>
            <subfield code="d">MiAaPQ</subfield>
          </datafield>
          <datafield ind1=" " ind2=" " tag="041">
            <subfield code="a">ger</subfield>
          </datafield>
          <datafield ind1=" " ind2="4" tag="050">
            <subfield code="a">BS580.A3</subfield>
            <subfield code="b">M84 2011</subfield>
          </datafield>
          <datafield ind1="0" ind2="0" tag="082">
            <subfield code="a">222</subfield>
          </datafield>
          <datafield ind1="1" ind2=" " tag="100">
            <subfield code="a">Mühling, Anke.</subfield>
          </datafield>
          <datafield ind1="1" ind2="0" tag="245">
            <subfield code="a">"Blickt auf Abraham, euren Vater"</subfield>
            <subfield code="h">[electronic resource] :</subfield>
            <subfield code="b">Abraham als Identifikationsfigur des Judentums in der Zeit des Exils und des Zweiten Tempels /</subfield>
            <subfield code="c">Anke Mühling.</subfield>
          </datafield>
          <datafield ind1=" " ind2=" " tag="260">
            <subfield code="a">Göttingen :</subfield>
            <subfield code="b">Vandenhoeck &amp; Ruprecht,</subfield>
            <subfield code="c">c2011.</subfield>
          </datafield>
          <datafield ind1=" " ind2=" " tag="300">
            <subfield code="a">1 online resource (398 p.)</subfield>
          </datafield>
          <datafield ind1=" " ind2=" " tag="336">
            <subfield code="a">text</subfield>
            <subfield code="b">txt</subfield>
          </datafield>
          <datafield ind1=" " ind2=" " tag="337">
            <subfield code="a">computer</subfield>
            <subfield code="b">c</subfield>
          </datafield>
          <datafield ind1=" " ind2=" " tag="338">
            <subfield code="a">online resource</subfield>
            <subfield code="b">cr</subfield>
          </datafield>
          <datafield ind1="1" ind2=" " tag="490">
            <subfield code="a">Forschungen zur Religion und Literatur des Alten und Neuen Testaments ;</subfield>
            <subfield code="v">Bd. 236</subfield>
          </datafield>
          <datafield ind1=" " ind2=" " tag="500">
            <subfield code="a">Description based upon print version of record.</subfield>
          </datafield>
          <datafield ind1="0" ind2=" " tag="505">
            <subfield code="a">Cover; Title Page; Copyright; Table of Contents; Body; Inhalt Vorwort; Einleitung; 1. Die Abraham-Erzählungen der Genesis; 1.1 Forschungsgeschichtliche Rekonstruktion; 1.1.1 Der Textbestand und seine Struktur; 1.1.2 Fragen und Probleme des Textbestandes und seiner Struktur; 1.1.3 Die Erklärungsgeschichte der Probleme und Fragen des Textbestandes; 1.1.3.1 Der literarkritische Ansatz: Erklärungen der Textprobleme mit der Annahme durchlaufender Quellenschriften im Rahmen der »Neueren Urkundenhypothese«</subfield>
          </datafield>
          <datafield ind1="8" ind2=" " tag="505">
            <subfield code="a">1.1.3.2 Der überlieferungsgeschichtliche Ansatz: Erklärungen der Textprobleme mit Verweis auf primär mündliche Traditionsbildung1.1.3.3 Der »archäologische« Ansatz: Verdrängung der Textprobleme durch die Frage nach der Historizität der Patriarchen; 1.2 Tendenzen der gegenwärtigen Forschungsdiskussion; 1.2.1 Abraham als der jüngste der Erzväter; 1.2.2 Die Bedeutung der Exilszeit für die Ausgestaltung der Abraham-Überlieferung; 1.2.3 Die Abraham-Überlieferung der Priesterschrift; 1.2.4 Der literarische Kern der nicht-priesterschriftlichen Überlieferung in der Abraham-Lot-Erzählung</subfield>
          </datafield>
          <datafield ind1="8" ind2=" " tag="505">
            <subfield code="a">1.2.5 Erweiterungen der ursprünglichen Abraham-Überlieferung1.2.5.1 Gen 12,10-20; 1.2.5.2 Gen 14; 1.2.5.3 Gen 15; 1.2.5.4 Gen 18,17-19.22b-32; 1.2.5.5 Gen 20-22; 1.2.5.6 Gen 24; 1.2.6 Fazit; 2. Abraham in den übrigen Schriften der hebräischen Bibel; 2.1 Formelhafter Gebrauch Abrahams und der Erzväter; 2.1.1 Die Identifizierung Jhwhs als Gott der Erzväter; 2.1.2 Abraham, die Verheißungen und der Bund; 2.1.2.1 Erinnerungen an den Bundesschluss; 2.1.2.2 Die zugeschworene Verheißung; 2.1.3 Die Erzväter als Vorfahren des Volkes; 2.1.4 Fazit</subfield>
          </datafield>
          <datafield ind1="8" ind2=" " tag="505">
            <subfield code="a">2.2 Abraham als Identifikationsfigur in den übrigen Schriften der hebräischen Bibel2.2.1 Ez 33,23ff: Streit um das Land; 2.2.2 Jes 51,2: Abraham und Sara als Eltern Israels; 2.2.3 Jes 41,8f: Abraham, der »Freund Gottes«; 2.2.4 Jes 63,16; 2.2.5 Jes 29,22; 2.2.6 Mi 7,20; 2.2.7 Jos 24: Abraham im Geschichtsrückblick; 2.2.8 Neh 9,7f; 2.2.9 Ps 47 und Ps 105; 2.3 Fazit; 3. Abraham in den jüdischen Schriften aus hellenist.-röm. Zeit: Die in der LXX überlieferten Schriften; 3.1 Die in der LXX überlieferten Schriften; 3.2 Die Abraham-Gestalt in der LXX; 3.2.1 Abraham im Buch Judith</subfield>
          </datafield>
          <datafield ind1="8" ind2=" " tag="505">
            <subfield code="a">3.2.1.1 Das Buch Judith3.2.1.2 Jdt 5: Abraham im Geschichtsrückblick; 3.2.1.3 Jdt 8,25ff: Abraham, der in der Versuchung Bewährte; 3.2.1.4 Jdt 13,18; 3.2.2 Abraham im Buch Tobit; 3.2.2.1 Das Buch Tobit; 3.2.2.2 Tob 4: Abraham als Gegner der Mischehen; 3.2.2.3 Tob 14,7 (S): Rückkehr in das »Land Abrahams« als Hoffnung der Diaspora; 3.2.2.4 Abraham in der Tobit-Vulgata; 3.2.3 Abraham im 1. Makkabäerbuch; 3.2.3.1 Das 1. Makkabäerbuch; 3.2.3.2 1Makk 2,52: Abraham als der versuchte Gerechte; 3.2.3.3 1Makk 12,21: Abraham als Vater verschiedener Völker; 3.2.4 Abraham im 3. Makkabäerbuch</subfield>
          </datafield>
          <datafield ind1="8" ind2=" " tag="505">
            <subfield code="a">3.2.4.1 Das 3. Makkabäerbuch</subfield>
          </datafield>
          <datafield ind1=" " ind2=" " tag="520">
            <subfield code="a">Hauptbeschreibung Anke Mühling untersucht die Rezeption Abrahams, dessen Bedeutung als Identifikationsfigur ab der exilischen und v.a. in der nachexilischen Zeit wächst. Dies lässt sich nicht nur an den Texten der Genesis und den sonstigen Erwähnungen Abrahams in der hebräischen Bibel aufzeigen, sondern auch an den deutero- und außerkanonischen Schriften aus hellenistischer und römischer Zeit, in denen Abraham eine eindrückliche Wirkungsgeschichte entfaltet. Anhand der Abrahamgestalt analysiert die Autorin somit exemplarisch die Rezeptionsgeschichte des »Alten Testaments« im f</subfield>
          </datafield>
          <datafield ind1=" " ind2=" " tag="546">
            <subfield code="a">German</subfield>
          </datafield>
          <datafield ind1=" " ind2=" " tag="502">
            <subfield code="a">Thesis (doctoral)--Universität Heidelberg, 2008.</subfield>
          </datafield>
          <datafield ind1=" " ind2=" " tag="504">
            <subfield code="a">Includes bibliographical references (p. [371]-389) and index.</subfield>
          </datafield>
          <datafield ind1="0" ind2="0" tag="600">
            <subfield code="a">Abraham</subfield>
            <subfield code="c">(Biblical patriarch)</subfield>
          </datafield>
          <datafield ind1="0" ind2="0" tag="630">
            <subfield code="a">Bible.</subfield>
            <subfield code="p">O.T.</subfield>
            <subfield code="x">Criticism, interpretation, etc., Jewish.</subfield>
          </datafield>
          <datafield ind1=" " ind2="0" tag="650">
            <subfield code="a">Judaism</subfield>
            <subfield code="x">History</subfield>
            <subfield code="y">Post-exilic period, 586 B.C.-210 A.D.</subfield>
          </datafield>
          <datafield ind1=" " ind2="0" tag="650">
            <subfield code="a">Judaism</subfield>
            <subfield code="x">History</subfield>
            <subfield code="y">To 70 A.D.</subfield>
          </datafield>
          <datafield ind1=" " ind2="0" tag="650">
            <subfield code="a">Role models</subfield>
            <subfield code="x">Biblical teaching.</subfield>
          </datafield>
          <datafield ind1=" " ind2="4" tag="655">
            <subfield code="a">Electronic books.</subfield>
          </datafield>
          <datafield ind1=" " ind2=" " tag="776">
            <subfield code="z">3-525-53098-6</subfield>
          </datafield>
          <datafield ind1=" " ind2="0" tag="830">
            <subfield code="a">Forschungen zur Religion und Literatur des Alten und Neuen Testaments ;</subfield>
            <subfield code="v">236. Heft.</subfield>
          </datafield>
          <datafield ind1="0" ind2="1" tag="852">
            <subfield code="a">41SLSP_HPH</subfield>
            <subfield code="6">991001435984805520</subfield>
            <subfield code="9">E</subfield>
          </datafield>
          <datafield ind1=" " ind2=" " tag="906">
            <subfield code="a">BOOK</subfield>
          </datafield>
        </record>
      </recordData>
      <recordIdentifier>991170728868405501</recordIdentifier>
      <recordPosition>33</recordPosition>
    </record>