
    <record>
      <recordSchema>marcxml</recordSchema>
      <recordPacking>xml</recordPacking>
      <recordData>
        <record xmlns="http://www.loc.gov/MARC21/slim">
          <leader>02556nam a2200553 c 4500</leader>
          <controlfield tag="001">991045320019705501</controlfield>
          <controlfield tag="005">20201224022431.0</controlfield>
          <controlfield tag="008">030327s2001    ne            00| | dut^^</controlfield>
          <datafield ind1=" " ind2=" " tag="035">
            <subfield code="a">(swissbib)042355710-41slsp_network</subfield>
          </datafield>
          <datafield ind1=" " ind2=" " tag="035">
            <subfield code="a">042355710</subfield>
            <subfield code="9">ExL</subfield>
          </datafield>
          <datafield ind1=" " ind2=" " tag="035">
            <subfield code="a">(IDSBB)002779456DSV01</subfield>
          </datafield>
          <datafield ind1=" " ind2=" " tag="040">
            <subfield code="a">SzZuIDS BS/BE A110</subfield>
            <subfield code="e">kids</subfield>
            <subfield code="d">CH-ZuSLS</subfield>
          </datafield>
          <datafield ind1="0" ind2="0" tag="245">
            <subfield code="a">"D'Engelsche Boomgaert" 6.123</subfield>
            <subfield code="b">archeobotanisch onderzoek van monsters uit een ijzertijdwoonlaag, een inheems-Romeinse damstructuur en een 13e/14e-eeuwse kasteelgracht op locatie "d'Engelsche Boomgaert"</subfield>
            <subfield code="c">O. Brinkkemper ... [et al.] (red.)</subfield>
          </datafield>
          <datafield ind1=" " ind2="1" tag="264">
            <subfield code="a">Vlaardingen</subfield>
            <subfield code="b">VLAK</subfield>
            <subfield code="c">2001</subfield>
          </datafield>
          <datafield ind1=" " ind2=" " tag="300">
            <subfield code="a">16 S.</subfield>
            <subfield code="b">Ill.</subfield>
          </datafield>
          <datafield ind1=" " ind2=" " tag="336">
            <subfield code="b">txt</subfield>
            <subfield code="2">rdacontent</subfield>
          </datafield>
          <datafield ind1=" " ind2=" " tag="337">
            <subfield code="b">n</subfield>
            <subfield code="2">rdamedia</subfield>
          </datafield>
          <datafield ind1=" " ind2=" " tag="338">
            <subfield code="b">nc</subfield>
            <subfield code="2">rdacarrier</subfield>
          </datafield>
          <datafield ind1="1" ind2=" " tag="490">
            <subfield code="a">VLAK-verslagen</subfield>
            <subfield code="v">4.3</subfield>
          </datafield>
          <datafield ind1=" " ind2=" " tag="690">
            <subfield code="a">Niederlande - Südholland - Vlaardingen-D'Engelsche Boomgaert</subfield>
            <subfield code="2">ubs-A8</subfield>
          </datafield>
          <datafield ind1=" " ind2=" " tag="690">
            <subfield code="a">Eisenzeit - Niederlande</subfield>
            <subfield code="2">ubs-A8</subfield>
          </datafield>
          <datafield ind1=" " ind2=" " tag="690">
            <subfield code="a">Römerzeit - Niederlande</subfield>
            <subfield code="2">ubs-A8</subfield>
          </datafield>
          <datafield ind1=" " ind2=" " tag="690">
            <subfield code="a">Mittelalter - Spätmittelalter - Niederlande</subfield>
            <subfield code="2">ubs-A8</subfield>
          </datafield>
          <datafield ind1=" " ind2=" " tag="690">
            <subfield code="a">Samen/Frucht - Eisenzeit</subfield>
            <subfield code="2">ubs-A8</subfield>
          </datafield>
          <datafield ind1=" " ind2=" " tag="690">
            <subfield code="a">Samen/Frucht - Römerzeit</subfield>
            <subfield code="2">ubs-A8</subfield>
          </datafield>
          <datafield ind1=" " ind2=" " tag="690">
            <subfield code="a">Samen/Frucht - Mittelalter - Spätmittelalter</subfield>
            <subfield code="2">ubs-A8</subfield>
          </datafield>
          <datafield ind1=" " ind2=" " tag="690">
            <subfield code="a">Pollen - Eisenzeit</subfield>
            <subfield code="2">ubs-A8</subfield>
          </datafield>
          <datafield ind1=" " ind2=" " tag="690">
            <subfield code="a">Pollen - Römerzeit</subfield>
            <subfield code="2">ubs-A8</subfield>
          </datafield>
          <datafield ind1=" " ind2=" " tag="690">
            <subfield code="a">Pollen - Mittelalter - Spätmittelalter</subfield>
            <subfield code="2">ubs-A8</subfield>
          </datafield>
          <datafield ind1=" " ind2=" " tag="690">
            <subfield code="a">Siedlung - Eisenzeit</subfield>
            <subfield code="2">ubs-A8</subfield>
          </datafield>
          <datafield ind1=" " ind2=" " tag="690">
            <subfield code="a">Siedlung - Römerzeit</subfield>
            <subfield code="2">ubs-A8</subfield>
          </datafield>
          <datafield ind1=" " ind2=" " tag="690">
            <subfield code="a">Siedlung - Mittelalter - Spätmittelalter</subfield>
            <subfield code="2">ubs-A8</subfield>
          </datafield>
          <datafield ind1=" " ind2=" " tag="690">
            <subfield code="a">Archäobotanik - Eisenzeit - Niederlande</subfield>
            <subfield code="2">ubs-A8</subfield>
          </datafield>
          <datafield ind1=" " ind2=" " tag="690">
            <subfield code="a">Archäobotanik - Römerzeit - Niederlande</subfield>
            <subfield code="2">ubs-A8</subfield>
          </datafield>
          <datafield ind1=" " ind2=" " tag="690">
            <subfield code="a">Archäobotanik - Mittelalter - Niederlande</subfield>
            <subfield code="2">ubs-A8</subfield>
          </datafield>
          <datafield ind1=" " ind2=" " tag="690">
            <subfield code="a">verkohlt - Eisenzeit - Niederlande</subfield>
            <subfield code="2">ubs-A8</subfield>
          </datafield>
          <datafield ind1=" " ind2=" " tag="690">
            <subfield code="a">verkohlt - Römerzeit - Niederlande</subfield>
            <subfield code="2">ubs-A8</subfield>
          </datafield>
          <datafield ind1=" " ind2=" " tag="690">
            <subfield code="a">verkohlt - Mittelalter - Niederlande</subfield>
            <subfield code="2">ubs-A8</subfield>
          </datafield>
          <datafield ind1=" " ind2=" " tag="690">
            <subfield code="a">unverkohlt - Eisenzeit - Niederlande</subfield>
            <subfield code="2">ubs-A8</subfield>
          </datafield>
          <datafield ind1=" " ind2=" " tag="690">
            <subfield code="a">unverkohlt - Römerzeit - Niederlande</subfield>
            <subfield code="2">ubs-A8</subfield>
          </datafield>
          <datafield ind1=" " ind2=" " tag="690">
            <subfield code="a">unverkohlt - Mittelalter - Niederlande</subfield>
            <subfield code="2">ubs-A8</subfield>
          </datafield>
          <datafield ind1=" " ind2=" " tag="690">
            <subfield code="a">Feuchtbodenerhaltung - Eisenzeit - Niederlande</subfield>
            <subfield code="2">ubs-A8</subfield>
          </datafield>
          <datafield ind1=" " ind2=" " tag="690">
            <subfield code="a">Feuchtbodenerhaltung - Römerzeit - Niederlande</subfield>
            <subfield code="2">ubs-A8</subfield>
          </datafield>
          <datafield ind1=" " ind2=" " tag="690">
            <subfield code="a">Feuchtbodenerhaltung - Mittelalter - Niederlande</subfield>
            <subfield code="2">ubs-A8</subfield>
          </datafield>
          <datafield ind1=" " ind2=" " tag="690">
            <subfield code="a">Palynologie - Eisenzeit - Niederlande</subfield>
            <subfield code="2">ubs-A8</subfield>
          </datafield>
          <datafield ind1=" " ind2=" " tag="690">
            <subfield code="a">Palynologie - Römerzeit - Niederlande</subfield>
            <subfield code="2">ubs-A8</subfield>
          </datafield>
          <datafield ind1=" " ind2=" " tag="690">
            <subfield code="a">Palynologie - Mittelalter - Niederlande</subfield>
            <subfield code="2">ubs-A8</subfield>
          </datafield>
          <datafield ind1="1" ind2=" " tag="700">
            <subfield code="a">Brinkkemper, Otto</subfield>
          </datafield>
          <datafield ind1=" " ind2=" " tag="830">
            <subfield code="a">VLAK-verslagen</subfield>
            <subfield code="v">4.3</subfield>
            <subfield code="w">(IDSBB)002779397DSV01</subfield>
          </datafield>
          <datafield ind1="0" ind2="1" tag="852">
            <subfield code="a">41SLSP_UBS</subfield>
            <subfield code="6">9927794560105504</subfield>
            <subfield code="9">P</subfield>
          </datafield>
        </record>
      </recordData>
      <recordIdentifier>991045320019705501</recordIdentifier>
      <recordPosition>35</recordPosition>
    </record>