
    <record>
      <recordSchema>marcxml</recordSchema>
      <recordPacking>xml</recordPacking>
      <recordData>
        <record xmlns="http://www.loc.gov/MARC21/slim">
          <leader>08921cam  22004693i 4500</leader>
          <controlfield tag="001">991170694695505501</controlfield>
          <controlfield tag="005">20210610083130.0</controlfield>
          <controlfield tag="006">m     o  d |</controlfield>
          <controlfield tag="007">cr cnu||||||||</controlfield>
          <controlfield tag="008">210610s2011    xx      o     ||||0 ger d</controlfield>
          <datafield ind1=" " ind2=" " tag="020">
            <subfield code="a">9783842805446</subfield>
            <subfield code="q">(electronic bk.)</subfield>
          </datafield>
          <datafield ind1=" " ind2=" " tag="020">
            <subfield code="z">9783842855441</subfield>
          </datafield>
          <datafield ind1=" " ind2=" " tag="035">
            <subfield code="a">(MiAaPQ)EBC887501</subfield>
          </datafield>
          <datafield ind1=" " ind2=" " tag="035">
            <subfield code="a">(Au-PeEL)EBL887501</subfield>
          </datafield>
          <datafield ind1=" " ind2=" " tag="035">
            <subfield code="a">(CaPaEBR)ebr10553195</subfield>
          </datafield>
          <datafield ind1=" " ind2=" " tag="035">
            <subfield code="a">(OCoLC)784887613</subfield>
          </datafield>
          <datafield ind1=" " ind2=" " tag="035">
            <subfield code="a">(PZ_Ebook Central)EBC887501</subfield>
          </datafield>
          <datafield ind1=" " ind2=" " tag="035">
            <subfield code="a">(EXLCZ)9917771275200041</subfield>
          </datafield>
          <datafield ind1=" " ind2=" " tag="040">
            <subfield code="a">MiAaPQ</subfield>
            <subfield code="b">eng</subfield>
            <subfield code="e">rda</subfield>
            <subfield code="e">pn</subfield>
            <subfield code="c">MiAaPQ</subfield>
            <subfield code="d">MiAaPQ</subfield>
          </datafield>
          <datafield ind1=" " ind2="4" tag="050">
            <subfield code="a">HD38.4 -- .G88 2012eb</subfield>
          </datafield>
          <datafield ind1="0" ind2=" " tag="082">
            <subfield code="a">331.702</subfield>
          </datafield>
          <datafield ind1="1" ind2=" " tag="100">
            <subfield code="a">Güttersberger, Axel.</subfield>
          </datafield>
          <datafield ind1="1" ind2="0" tag="245">
            <subfield code="a">"David" gegen "Goliath" :</subfield>
            <subfield code="b">Eine Untersuchung der Kommunikationsstrategien zweier Akteure im PR-Konflikt.</subfield>
          </datafield>
          <datafield ind1=" " ind2=" " tag="250">
            <subfield code="a">1st ed.</subfield>
          </datafield>
          <datafield ind1=" " ind2="1" tag="264">
            <subfield code="a">Hamburg :</subfield>
            <subfield code="b">Diplomica Verlag,</subfield>
            <subfield code="c">2011.</subfield>
          </datafield>
          <datafield ind1=" " ind2="4" tag="264">
            <subfield code="c">©2012.</subfield>
          </datafield>
          <datafield ind1=" " ind2=" " tag="300">
            <subfield code="a">1 online resource (211 pages)</subfield>
          </datafield>
          <datafield ind1=" " ind2=" " tag="336">
            <subfield code="a">text</subfield>
            <subfield code="b">txt</subfield>
            <subfield code="2">rdacontent</subfield>
          </datafield>
          <datafield ind1=" " ind2=" " tag="337">
            <subfield code="a">computer</subfield>
            <subfield code="b">c</subfield>
            <subfield code="2">rdamedia</subfield>
          </datafield>
          <datafield ind1=" " ind2=" " tag="338">
            <subfield code="a">online resource</subfield>
            <subfield code="b">cr</subfield>
            <subfield code="2">rdacarrier</subfield>
          </datafield>
          <datafield ind1="0" ind2=" " tag="505">
            <subfield code="a">David" gegen "Goliath". Eine Untersuchung der Kommunikationsstrategien zweier Akteure im PR-Konflikt -- Inhalt -- EINLEITUNG -- HAUPTTEIL 1 - Theoretische Untersuchung -- 1 PR, öffentliche Meinung und die Massenmedien -- 1.1 Meinungspluralität als Ursache von Konflikten -- 1.2 Wahrnehmung der eigenen Norm als Grundziel der PR -- 1.3 Massenmedien als Einflussfaktoren auf die öffentliche Meinung -- 2 David gegen Goliath -- 2.1 David = David? -- 2.2 Wer ist ein David, wer ist ein Goliath? -- 3 Unternehmens-PR als Differenzierungsmerkmal -- 3.1 Mittel zur Selbstdarstellung -- 3.2 Ausübung in der Praxis -- 4 Aktivismus - Ursache und Ausdrucksweisen -- 4.1 Aktivismus als Partizipation -- 4.2 NPOs als organisierter Aktivismus -- 5 Allgemeine Kommunikation von NPOs -- 5.1 Information als Legitimation -- 5.2 Emotionen als Träger der NPO-Kommunikation -- 5.3 Simplifikation, Symbole und Visualisierung -- 5.4 NPOs und Massenmedien -- 5.5 PR-Kompetenz von NPOs -- 6 Krise und Konflikt -- 6.1 Die Krise -- 6.2 Der Konflikt und seine Bedeutung für die Gesellschaft -- 6.3 Der Konflikt als Selbstprofilierung -- 6.4 Die massenmediale Dimension -- 6.5 Der Skandal als Extremfall des öffentlichkeitswirksamen Konfliktes -- 7 Schlüsselfaktoren von Unternehmenskrisen -- 7.1 Die Risikogesellschaft als Ursache der Beobachtung -- 7.2 Schlüsselfaktor eins: Emotionen als krisenverschärfender Faktor -- 7.3 Schlüsselfaktor zwei: Massenmedien in Unternehmenskrisen - Gefahr oder Chance? -- 7.4 Weitere Schlüsselfaktoren der Unternehmenskrise -- 8 Krisen-PR als Reaktion auf Unternehmenskrisen -- 8.1 Was ist Krisen-PR? -- 8.2 Wirksame Gegenstrategie -- 8.2.1 Der allgemeine Ablauf -- 8.2.2 „Research" - Was ist passiert? -- 8.2.3 „Action" - Was tun wir? Und wie tun wir es? -- 8.2.4 „Communication" - Informative Interaktion -- 8.2.5 „Evaluation" - hat das, was wir getan haben, genutzt?.</subfield>
          </datafield>
          <datafield ind1="8" ind2=" " tag="505">
            <subfield code="a">9 Konflikt-PR - Kommunikation in der Auseinandersetzung -- 9.1 Bestimmung des Begriffes „Konflikt-PR" -- 9.2 Risikowahrnehmungen im Konflikt -- 9.3 Mögliche Reaktionsweisen im Konflikt -- 10 Konflikt-PR der Davids -- 10.1 Emotionalität als Begründung der Sympathien -- 10.2 Die Mission im Konflikt: Emotionalisierung -- 10.3 Auftakt und Positionierung -- 10.4 Kommunikationsstrategie während des Konfliktes -- 10.4.1 Emotionalisierung versus Rationalisierung -- 10.4.2 Steigerung der Glaubwürdigkeit -- 10.4.3 Transformation von Sympathien zur öffentlichen Unterstützung -- 11 Konflikt-PR der Goliaths -- 11.1 Positionierung zu Beginn des Konfliktes -- 11.2 Rational geprägte Konflikt-Kommunikation -- 11.3 „Verständigungsorientierte Öffentlichkeitsarbeit" als Entemotionalisierungsinstrument? -- 11.4 Mögliche Strategien für den Goliath -- 11.4.1 Die Angriffsstrategie -- 11.4.2 Die „Zwei Gewinner"-Lösung -- 11.4.3 Die Verteidigungsstrategie -- 11.4.4 Die Strategie der Verwirrung -- 11.4.5 Mobilisierung von Fürsprechern -- HAUPTTEIL 2 - Empirische Untersuchung -- 12 Fallstudie eines PR-Konfliktes -- 12.1 Warum dieser Forschungsansatz? -- 12.2 Methodik und Vorgehensweise -- 12.3 Die Quellenlage -- 12.4 Qualität der Quellen -- 12.5 Möglichkeiten und Unmöglichkeiten der Untersuchung -- 13 Der Protest um das Atomkraftwerk Belene -- 13.1 Die Akteure -- 13.2 Der chronologische Ablauf -- 14 Analyse derAkteure -- 14.1 David vs. Goliath zu Beginn des PR-Konfliktes -- 14.2 Die Kommunikationsstrategien der Goliaths -- 14.2.1 Keine Stellungnahmen -- 14.2.2 Positionierung zu Beginn des Konfliktes -- 14.2.3 Strategie im Konflikt -- 14.2.4 Ergebnis des Konfliktes für die Goliaths -- 14.3 Die Kommunikationsstrategie des David -- 14.3.1 Die Schrecklichkeit der gegnerischen Interessen -- 14.3.2 Klären der Fronten - die Positionierung -- 14.3.3 Der David gegen Goliath-Mythos.</subfield>
          </datafield>
          <datafield ind1="8" ind2=" " tag="505">
            <subfield code="a">14.3.4 Senkung der Glaubwürdigkeit -- 14.3.5 Emotionalisierung durch Simplifikation -- 14.3.6 Solidarisierung zur Mobilisierung -- 14.3.7 Mobilisierung durch Hilfestellungen -- 14.3.8 Ergebnis des Konfliktes für den David -- 15 Anpassung der Kommunikationsmodelle -- 15.1 Goliath -- 15.2 David -- 15.2.1 Thematisierung der David gegen Goliath-Konstellation -- 15.2.2 Stärke durch Vernetzung -- 15.2.3 Rationale Argumentationsgänge als Untermauerung der eigenen Position -- SCHLUSS -- 16 Fazit derArbeit -- 16.1 Die Kommunikationsstrategie des Davids -- 16.2 Die Kommunikationsstrategie des Goliaths -- 16.3 Wechselwirkungen der Kommunikationsstrategien zueinander -- 16.4 Ausblick -- LITERATURVERZEICHNIS -- Autorenprofil -- ANHANG -- 1 Abkürzungsverzeichnis -- 2 Informationsmaterial zur Fallstudie.</subfield>
          </datafield>
          <datafield ind1=" " ind2=" " tag="520">
            <subfield code="a">Öffentlich geführte Konflikte sind heute ein maßgeblicher Bestandteil unserer Gesellschaft sowie der medialen Berichterstattung. In manchen Konfliktfällen protestiert ein kleiner, oft bis dahin unbekannter gesellschaftlicher Akteur (der "David") öffentlich gegen einen großen - in vielen Fällen Unternehmen, Organisationen oder Behörden (der "Goliath"). Das Phänomen hierbei ist, dass es diesen kleinen Akteuren mitunter gelingt, große und etablierte Akteure von bestehenden oder geplanten Handlungen abzubringen, obwohl sie nicht von Vornherein über eine Möglichkeit der Druckausübung über politische oder wirtschaftliche Wege verfügen. Die vorliegende Studie versucht, eine Erklärung dafür zu liefern, weshalb und wie derart kleine Akteure es häufig schaffen, über die Mobilisierung der Öffentlichkeit Druck gegen große und etablierte Institutionen aufzubauen und wirtschaftliche oder politische Entwicklungen mit zu beeinflussen. Der Fokus der Anaylse liegt hierbei auf öffentlich geführten Konflikten zwischen Non-Profit-Organisationen und Unternehmen. Einer grundlegenden Definition der verwendeten Begriffe folgt eine Darstellung der Kommunikationsschemata, welchen ein "David" und ein "Goliath" im Alltag folgen. Mittels einer Überleitung zu deren kommunikativen Verhaltensweisen in einem Konflikt ergeben sich zum Ende des ersten Teils der Studie Grundzüge für Kommunikationsmodelle der beiden Akteure in einem Konflikt. Diese werden im zweiten Teil mit Hilfe einer Fallstudie abgeglichen und verfeinert. Das hauptsächliche Ergebnis der Analyse liegt in der Aufstellung von Modellen der Kommunikationsstrategie eines "Davids" und eines "Goliaths" in einem öffentlich geführten Konflikt. Des Weiteren liefert die Studie eine Gegenüberstellung dieser beiden Modelle, um die Wechselwirkung zwischen den jeweiligen Strategien und den kommunikativen Handlungen in einem</subfield>
          </datafield>
          <datafield ind1="8" ind2=" " tag="520">
            <subfield code="a">solchen Konflikt sichtbar zu machen.   Biographische Informationen Axel Güttersberger wurde 1981 in Wien geboren. Er studierte Publizistik mit den Schwerpunkten PR sowie Werbung an der Universität Wien. Bereits im Studium galt sein besonderes Interesse der Krisen-PR und der Konflikt-PR. Seine Neugier und sein Interesse am "Forschen im Neuland" waren auch der Grund zur wissenschaftlichen Auseinandersetzung mit diesen Bereichen. Der Autor möchte mit dieser Studie einen ersten Teil zur wissenschaftlichen Erforschung des Phänomens eines PR-Konfliktes zwischen besonders großen und besonders kleinen Akteuren des öffentlichen Lebens beitragen.</subfield>
          </datafield>
          <datafield ind1=" " ind2=" " tag="588">
            <subfield code="a">Description based on publisher supplied metadata and other sources.</subfield>
          </datafield>
          <datafield ind1=" " ind2=" " tag="590">
            <subfield code="a">Electronic reproduction. Ann Arbor, Michigan : ProQuest Ebook Central, 2021. Available via World Wide Web. Access may be limited to ProQuest Ebook Central affiliated libraries.</subfield>
          </datafield>
          <datafield ind1=" " ind2="0" tag="650">
            <subfield code="a">Conflict management..</subfield>
          </datafield>
          <datafield ind1=" " ind2="0" tag="650">
            <subfield code="a">Public relations.</subfield>
          </datafield>
          <datafield ind1=" " ind2="4" tag="655">
            <subfield code="a">Electronic books.</subfield>
          </datafield>
          <datafield ind1="0" ind2="8" tag="776">
            <subfield code="i">Print version:</subfield>
            <subfield code="a">Güttersberger, Axel</subfield>
            <subfield code="t">"David" gegen "Goliath": Eine Untersuchung der Kommunikationsstrategien zweier Akteure im PR-Konflikt</subfield>
            <subfield code="d">Hamburg : Diplomica Verlag,c2011</subfield>
            <subfield code="z">9783842855441</subfield>
          </datafield>
          <datafield ind1="2" ind2=" " tag="797">
            <subfield code="a">ProQuest (Firm)</subfield>
          </datafield>
        </record>
      </recordData>
      <recordIdentifier>991170694695505501</recordIdentifier>
      <recordPosition>36</recordPosition>
    </record>