
    <record>
      <recordSchema>marcxml</recordSchema>
      <recordPacking>xml</recordPacking>
      <recordData>
        <record xmlns="http://www.loc.gov/MARC21/slim">
          <leader>00911naa a2200217 c 4500</leader>
          <controlfield tag="001">991013047449705501</controlfield>
          <controlfield tag="005">20201225095244.0</controlfield>
          <controlfield tag="008">091005m19801981it            00| | ita^^</controlfield>
          <datafield ind1=" " ind2=" " tag="035">
            <subfield code="a">(swissbib)061099155-41slsp_network</subfield>
          </datafield>
          <datafield ind1=" " ind2=" " tag="035">
            <subfield code="a">061099155</subfield>
            <subfield code="9">ExL</subfield>
          </datafield>
          <datafield ind1=" " ind2=" " tag="035">
            <subfield code="a">(IDSBB)004990463DSV01</subfield>
          </datafield>
          <datafield ind1=" " ind2=" " tag="040">
            <subfield code="a">SzZuIDS BS/BE B440</subfield>
            <subfield code="e">kids</subfield>
            <subfield code="d">CH-ZuSLS</subfield>
          </datafield>
          <datafield ind1="1" ind2=" " tag="100">
            <subfield code="a">Munzi, Luigi</subfield>
          </datafield>
          <datafield ind1="1" ind2="0" tag="245">
            <subfield code="a">&lt;&lt;Il&gt;&gt; "de partibus orationis" di Giuliano di Toledo</subfield>
            <subfield code="c">Luigi Munzi</subfield>
          </datafield>
          <datafield ind1=" " ind2=" " tag="336">
            <subfield code="b">txt</subfield>
            <subfield code="2">rdacontent</subfield>
          </datafield>
          <datafield ind1=" " ind2=" " tag="337">
            <subfield code="b">n</subfield>
            <subfield code="2">rdamedia</subfield>
          </datafield>
          <datafield ind1=" " ind2=" " tag="338">
            <subfield code="b">nc</subfield>
            <subfield code="2">rdacarrier</subfield>
          </datafield>
          <datafield ind1=" " ind2=" " tag="500">
            <subfield code="a">Zugleich als Sonderdruck erschienen</subfield>
          </datafield>
          <datafield ind1=" " ind2=" " tag="500">
            <subfield code="a">Betrifft die Handschriften Codd. 123 und 207 der Burgerbibliothek Bern (Abb.: BBB Cod. 207, f. 81v).</subfield>
            <subfield code="5">B440</subfield>
          </datafield>
          <datafield ind1="0" ind2=" " tag="773">
            <subfield code="t">Annali dell'Istituto universitario orientale di Napoli</subfield>
            <subfield code="d">Roma : Serra</subfield>
            <subfield code="g">2-3(1980-1981), S. 153-228</subfield>
            <subfield code="q">2/1980/153</subfield>
            <subfield code="g">yr:1980</subfield>
            <subfield code="g">no:2</subfield>
            <subfield code="w">(IDSBB)000694869DSV01</subfield>
          </datafield>
          <datafield ind1="0" ind2="1" tag="852">
            <subfield code="a">41SLSP_RBE</subfield>
            <subfield code="6">9949904630105527</subfield>
            <subfield code="9">P</subfield>
          </datafield>
          <datafield ind1=" " ind2=" " tag="900">
            <subfield code="f">IDSBxseklit b440</subfield>
            <subfield code="x">BBB Cod. 123</subfield>
            <subfield code="x">BBB Cod. 207</subfield>
          </datafield>
        </record>
      </recordData>
      <recordIdentifier>991013047449705501</recordIdentifier>
      <recordPosition>37</recordPosition>
    </record>