
    <record>
      <recordSchema>marcxml</recordSchema>
      <recordPacking>xml</recordPacking>
      <recordData>
        <record xmlns="http://www.loc.gov/MARC21/slim">
          <leader>01195nam a2200325 c 4500</leader>
          <controlfield tag="001">991098998719705501</controlfield>
          <controlfield tag="005">20210207173138.0</controlfield>
          <controlfield tag="008">110926s2011    it ||||| |||| 00| ||spa d</controlfield>
          <datafield ind1=" " ind2=" " tag="020">
            <subfield code="a">887961133X</subfield>
          </datafield>
          <datafield ind1=" " ind2=" " tag="020">
            <subfield code="a">9788879611336</subfield>
          </datafield>
          <datafield ind1=" " ind2=" " tag="035">
            <subfield code="a">(swissbib)114675597-41slsp_network</subfield>
          </datafield>
          <datafield ind1=" " ind2=" " tag="035">
            <subfield code="a">114675597</subfield>
            <subfield code="9">ExL</subfield>
          </datafield>
          <datafield ind1=" " ind2=" " tag="035">
            <subfield code="a">(RERO)R006298414-41slsp</subfield>
          </datafield>
          <datafield ind1=" " ind2=" " tag="040">
            <subfield code="a">DEBSZ</subfield>
            <subfield code="d">CH-ZuSLS</subfield>
          </datafield>
          <datafield ind1=" " ind2="7" tag="072">
            <subfield code="a">th</subfield>
            <subfield code="2">rero</subfield>
          </datafield>
          <datafield ind1="1" ind2=" " tag="100">
            <subfield code="a">Bueno Avila, Antonio</subfield>
            <subfield code="4">cre</subfield>
          </datafield>
          <datafield ind1="1" ind2="0" tag="245">
            <subfield code="a">"De su plenitud todos nosotros hemos recivido..."</subfield>
            <subfield code="b">exégesis patrística de JN 1,16</subfield>
            <subfield code="c">Antonio Bueno Ávila</subfield>
          </datafield>
          <datafield ind1=" " ind2="1" tag="264">
            <subfield code="a">Roma</subfield>
            <subfield code="b">Institutum Patristicum Augustinianum</subfield>
            <subfield code="c">2011</subfield>
          </datafield>
          <datafield ind1=" " ind2=" " tag="300">
            <subfield code="a">318 S.</subfield>
          </datafield>
          <datafield ind1=" " ind2=" " tag="336">
            <subfield code="b">txt</subfield>
            <subfield code="2">rdacontent</subfield>
          </datafield>
          <datafield ind1=" " ind2=" " tag="337">
            <subfield code="b">n</subfield>
            <subfield code="2">rdamedia</subfield>
          </datafield>
          <datafield ind1=" " ind2=" " tag="338">
            <subfield code="b">nc</subfield>
            <subfield code="2">rdacarrier</subfield>
          </datafield>
          <datafield ind1="1" ind2=" " tag="490">
            <subfield code="a">Studia ephemeridis Augustinianum</subfield>
            <subfield code="v">123</subfield>
          </datafield>
          <datafield ind1="0" ind2="7" tag="630">
            <subfield code="a">Bible</subfield>
            <subfield code="p">NT</subfield>
            <subfield code="p">Jean (évangile)</subfield>
            <subfield code="n">1, 16</subfield>
            <subfield code="2">rero</subfield>
          </datafield>
          <datafield ind1=" " ind2="7" tag="650">
            <subfield code="a">Critique et exégèse</subfield>
            <subfield code="0">(RERO)A021095183</subfield>
            <subfield code="2">rero</subfield>
          </datafield>
          <datafield ind1=" " ind2="7" tag="650">
            <subfield code="a">Pères de l'Église</subfield>
            <subfield code="0">(RERO)A021003386</subfield>
            <subfield code="2">rero</subfield>
          </datafield>
          <datafield ind1="4" ind2="2" tag="856">
            <subfield code="u">http://swbplus.bsz-bw.de/bsz346564042inh.htm</subfield>
          </datafield>
          <datafield ind1=" " ind2="0" tag="830">
            <subfield code="a">Studia ephemeridis "Augustinianum"</subfield>
            <subfield code="v">123</subfield>
            <subfield code="w">(RERO)0430597-41slsp</subfield>
          </datafield>
          <datafield ind1="0" ind2="1" tag="852">
            <subfield code="a">41SLSP_UGE</subfield>
            <subfield code="6">991002237859705502</subfield>
            <subfield code="9">P</subfield>
          </datafield>
          <datafield ind1="0" ind2="1" tag="852">
            <subfield code="a">41SLSP_BCUFR</subfield>
            <subfield code="6">991003644379705509</subfield>
            <subfield code="9">P</subfield>
          </datafield>
          <datafield ind1=" " ind2=" " tag="900">
            <subfield code="a">REROnoselfmerge</subfield>
          </datafield>
          <datafield ind1=" " ind2=" " tag="910">
            <subfield code="a">OCoLC</subfield>
            <subfield code="b">20110926</subfield>
            <subfield code="c">Droits réservés</subfield>
          </datafield>
        </record>
      </recordData>
      <recordIdentifier>991098998719705501</recordIdentifier>
      <recordPosition>38</recordPosition>
    </record>