
    <record>
      <recordSchema>marcxml</recordSchema>
      <recordPacking>xml</recordPacking>
      <recordData>
        <record xmlns="http://www.loc.gov/MARC21/slim">
          <leader>02732nam a2200601 c 4500</leader>
          <controlfield tag="001">991043583769705501</controlfield>
          <controlfield tag="005">20201231162351.0</controlfield>
          <controlfield tag="008">201012s2005    gw a     ||||u100 u ger|d</controlfield>
          <datafield ind1=" " ind2=" " tag="015">
            <subfield code="a">GFR-CIP-05,N25,0238</subfield>
            <subfield code="a">DNB-06,A06,0254</subfield>
          </datafield>
          <datafield ind1="7" ind2=" " tag="016">
            <subfield code="a">975044397</subfield>
            <subfield code="2">GyFmDB</subfield>
          </datafield>
          <datafield ind1=" " ind2=" " tag="020">
            <subfield code="a">393790431X</subfield>
            <subfield code="q">kart.</subfield>
            <subfield code="c">EUR 19.80</subfield>
          </datafield>
          <datafield ind1=" " ind2=" " tag="035">
            <subfield code="a">(swissbib)241302110-41slsp_network</subfield>
          </datafield>
          <datafield ind1=" " ind2=" " tag="035">
            <subfield code="a">241302110</subfield>
            <subfield code="9">ExL</subfield>
          </datafield>
          <datafield ind1=" " ind2=" " tag="035">
            <subfield code="a">(NEBIS)005141518EBI01</subfield>
          </datafield>
          <datafield ind1=" " ind2=" " tag="035">
            <subfield code="a">(IDSLU)000462282ILU01</subfield>
          </datafield>
          <datafield ind1=" " ind2=" " tag="035">
            <subfield code="a">(IDSBB)004357315DSV01</subfield>
          </datafield>
          <datafield ind1=" " ind2=" " tag="040">
            <subfield code="a">DDB</subfield>
            <subfield code="d">CH-ZuSLS</subfield>
          </datafield>
          <datafield ind1="0" ind2=" " tag="041">
            <subfield code="a">ger</subfield>
            <subfield code="a">eng</subfield>
            <subfield code="a">heb</subfield>
          </datafield>
          <datafield ind1=" " ind2="7" tag="072">
            <subfield code="a">720</subfield>
            <subfield code="2">IDS LU</subfield>
          </datafield>
          <datafield ind1="0" ind2="4" tag="082">
            <subfield code="a">230</subfield>
          </datafield>
          <datafield ind1=" " ind2=" " tag="084">
            <subfield code="a">BD 6855</subfield>
            <subfield code="2">rvk</subfield>
          </datafield>
          <datafield ind1="2" ind2=" " tag="111">
            <subfield code="a">Joseph-Carlebach-Konferenz. Joseph Carlebach und Seine Zeit. Würdigung und Wirkung</subfield>
            <subfield code="d">2003</subfield>
            <subfield code="c">Hamburg</subfield>
          </datafield>
          <datafield ind1="1" ind2="0" tag="245">
            <subfield code="a">"Die da lehren, werden leuchten wie des Himmels Glanz ..." (Daniel 12,3)</subfield>
            <subfield code="b">Joseph Carlebach und seine Zeit : Würdigung und Wirkung</subfield>
            <subfield code="c">die Sechste Joseph-Carlebach-Konferenz, [Hamburg, 2003] ; hrsg. von Miriam Gillis-Carlebach und Barbara Vogel</subfield>
          </datafield>
          <datafield ind1="1" ind2=" " tag="246">
            <subfield code="i">Hebr. Paralleltitel</subfield>
            <subfield code="a">"We-ham-maśkilim yazhern ke-zohar ha-raqiʿa ..." (Daniʾel 12,3)</subfield>
          </datafield>
          <datafield ind1="1" ind2="3" tag="246">
            <subfield code="a">&lt;&lt;Die&gt;&gt; Sechste Joseph-Carlebach-Konferenz</subfield>
          </datafield>
          <datafield ind1="1" ind2="3" tag="246">
            <subfield code="a">Joseph Carlebach und seine Zeit</subfield>
          </datafield>
          <datafield ind1="1" ind2="1" tag="246">
            <subfield code="a">"We-ham-maskilim yazhiru ke-zohar har-raqiaʿ"</subfield>
            <subfield code="b">Yosef Qarlêbaḵ u-tequfato</subfield>
          </datafield>
          <datafield ind1=" " ind2="1" tag="264">
            <subfield code="a">München [i.e. Ebenhausen bei München]</subfield>
            <subfield code="b">Dölling und Galitz</subfield>
            <subfield code="c">2005</subfield>
          </datafield>
          <datafield ind1=" " ind2=" " tag="300">
            <subfield code="a">332 S.</subfield>
            <subfield code="b">Ill.</subfield>
            <subfield code="c">21 cm</subfield>
          </datafield>
          <datafield ind1=" " ind2=" " tag="336">
            <subfield code="b">txt</subfield>
            <subfield code="2">rdacontent</subfield>
          </datafield>
          <datafield ind1=" " ind2=" " tag="337">
            <subfield code="b">n</subfield>
            <subfield code="2">rdamedia</subfield>
          </datafield>
          <datafield ind1=" " ind2=" " tag="338">
            <subfield code="b">nc</subfield>
            <subfield code="2">rdacarrier</subfield>
          </datafield>
          <datafield ind1="0" ind2=" " tag="490">
            <subfield code="a">Ora</subfield>
          </datafield>
          <datafield ind1="0" ind2=" " tag="490">
            <subfield code="a">Publications of the Joseph Carlebach Institute</subfield>
          </datafield>
          <datafield ind1=" " ind2=" " tag="500">
            <subfield code="a">Mit hebr. Zusammenfassung</subfield>
          </datafield>
          <datafield ind1=" " ind2=" " tag="500">
            <subfield code="a">Konferenz fand in Hamburg statt</subfield>
          </datafield>
          <datafield ind1=" " ind2=" " tag="500">
            <subfield code="a">Beitr. dt., Anh. dt., engl. oder hebr.</subfield>
          </datafield>
          <datafield ind1=" " ind2=" " tag="500">
            <subfield code="a">Enth. dt. u. eng. Beitr.</subfield>
          </datafield>
          <datafield ind1=" " ind2=" " tag="500">
            <subfield code="a">Einige engl. Beitr. sind aus d. heb übers.</subfield>
          </datafield>
          <datafield ind1="1" ind2="7" tag="600">
            <subfield code="a">Carlebach, Joseph</subfield>
            <subfield code="2">idszbz</subfield>
          </datafield>
          <datafield ind1="1" ind2="0" tag="600">
            <subfield code="a">Carlebach, Joseph</subfield>
            <subfield code="d">1883-1942</subfield>
            <subfield code="v">Congresses</subfield>
          </datafield>
          <datafield ind1="1" ind2="7" tag="600">
            <subfield code="a">Carlebach, Joseph</subfield>
            <subfield code="d">1883-1942</subfield>
            <subfield code="2">gnd</subfield>
          </datafield>
          <datafield ind1=" " ind2="0" tag="650">
            <subfield code="a">Rabbis</subfield>
            <subfield code="z">Germany</subfield>
            <subfield code="z">Hamburg</subfield>
            <subfield code="v">Biography</subfield>
            <subfield code="v">Congresses</subfield>
          </datafield>
          <datafield ind1=" " ind2="7" tag="655">
            <subfield code="a">Konferenzschrift</subfield>
            <subfield code="2">gnd-content</subfield>
          </datafield>
          <datafield ind1=" " ind2="7" tag="655">
            <subfield code="a">Konferenzschrift</subfield>
            <subfield code="z">Hamburg</subfield>
            <subfield code="y">2003</subfield>
            <subfield code="2">gnd-content</subfield>
          </datafield>
          <datafield ind1=" " ind2=" " tag="690">
            <subfield code="a">Judentum-Philosophie</subfield>
            <subfield code="2">ubs-FB</subfield>
          </datafield>
          <datafield ind1=" " ind2=" " tag="690">
            <subfield code="a">Judentum-Christentum</subfield>
            <subfield code="2">ubs-FB</subfield>
          </datafield>
          <datafield ind1="1" ind2=" " tag="700">
            <subfield code="a">Vogel, Barbara</subfield>
            <subfield code="d">1940-</subfield>
            <subfield code="e">Herausgeber</subfield>
            <subfield code="4">edt</subfield>
          </datafield>
          <datafield ind1="1" ind2=" " tag="700">
            <subfield code="a">Gilis-Ḳarlebakh, Miryam</subfield>
            <subfield code="d">1922-2020</subfield>
            <subfield code="e">Herausgeber</subfield>
            <subfield code="4">edt</subfield>
          </datafield>
          <datafield ind1="2" ind2=" " tag="711">
            <subfield code="a">Joseph-Carlebach-Konferenz</subfield>
          </datafield>
          <datafield ind1="2" ind2=" " tag="711">
            <subfield code="a">Joseph-Carlebach-Konferenz</subfield>
          </datafield>
          <datafield ind1="0" ind2="1" tag="852">
            <subfield code="a">41SLSP_UZB</subfield>
            <subfield code="6">990051415180205508</subfield>
            <subfield code="9">P</subfield>
          </datafield>
          <datafield ind1="0" ind2="1" tag="852">
            <subfield code="a">41SLSP_RZH</subfield>
            <subfield code="6">990051415180205526</subfield>
            <subfield code="9">P</subfield>
          </datafield>
          <datafield ind1="0" ind2="1" tag="852">
            <subfield code="a">41SLSP_RZS</subfield>
            <subfield code="6">994622820105505</subfield>
            <subfield code="9">P</subfield>
          </datafield>
          <datafield ind1="0" ind2="1" tag="852">
            <subfield code="a">41SLSP_UBS</subfield>
            <subfield code="6">9943573150105504</subfield>
            <subfield code="9">P</subfield>
          </datafield>
          <datafield ind1=" " ind2=" " tag="900">
            <subfield code="a">IDSZ2zbzmon200604f</subfield>
            <subfield code="c">IDSZ2baeh</subfield>
            <subfield code="d">IDSZ2zbzswk200604b</subfield>
            <subfield code="e">IDSZ2haag</subfield>
          </datafield>
          <datafield ind1=" " ind2=" " tag="900">
            <subfield code="a">IDSERICZIMPORT</subfield>
          </datafield>
        </record>
      </recordData>
      <recordIdentifier>991043583769705501</recordIdentifier>
      <recordPosition>39</recordPosition>
    </record>