
    <record>
      <recordSchema>marcxml</recordSchema>
      <recordPacking>xml</recordPacking>
      <recordData>
        <record xmlns="http://www.loc.gov/MARC21/slim">
          <leader>01668ndm a22003732c 4500</leader>
          <controlfield tag="001">991136470899705501</controlfield>
          <controlfield tag="005">20201225171800.0</controlfield>
          <controlfield tag="008">191211q19452002xx ||zd| ||||||nn | zxx d</controlfield>
          <datafield ind1=" " ind2=" " tag="019">
            <subfield code="a">Datenimport Mikrofilmarchiv, SCB</subfield>
            <subfield code="5">IDSBB/11.12.2019/A332</subfield>
          </datafield>
          <datafield ind1=" " ind2=" " tag="035">
            <subfield code="a">(swissbib)072745002-41slsp_network</subfield>
          </datafield>
          <datafield ind1=" " ind2=" " tag="035">
            <subfield code="a">072745002</subfield>
            <subfield code="9">ExL</subfield>
          </datafield>
          <datafield ind1=" " ind2=" " tag="035">
            <subfield code="a">(IDSBB)007150577DSV01</subfield>
          </datafield>
          <datafield ind1=" " ind2=" " tag="040">
            <subfield code="a">SzZuIDS BS/BE A332</subfield>
            <subfield code="b">ger</subfield>
            <subfield code="e">rda</subfield>
            <subfield code="d">CH-ZuSLS</subfield>
          </datafield>
          <datafield ind1="1" ind2="4" tag="082">
            <subfield code="a">780</subfield>
            <subfield code="2">15</subfield>
          </datafield>
          <datafield ind1="1" ind2=" " tag="100">
            <subfield code="a">Perti, Giacomo Antonio</subfield>
            <subfield code="d">1661-1756</subfield>
            <subfield code="e">Komponist</subfield>
            <subfield code="4">cmp</subfield>
          </datafield>
          <datafield ind1="1" ind2="0" tag="245">
            <subfield code="a">"Domine Deus"</subfield>
            <subfield code="b">canto Solo con Flauti, e Violini</subfield>
            <subfield code="c">Spartierung von Franz Giegling</subfield>
          </datafield>
          <datafield ind1=" " ind2="0" tag="264">
            <subfield code="a">[Entstehungsort nicht ermittelbar]</subfield>
            <subfield code="b">Franz Giegling</subfield>
            <subfield code="c">[zwischen 1945 und 2002?]</subfield>
          </datafield>
          <datafield ind1=" " ind2=" " tag="300">
            <subfield code="a">1 Band</subfield>
          </datafield>
          <datafield ind1=" " ind2=" " tag="336">
            <subfield code="b">ntm</subfield>
            <subfield code="2">rdacontent</subfield>
          </datafield>
          <datafield ind1=" " ind2=" " tag="337">
            <subfield code="b">n</subfield>
            <subfield code="2">rdamedia</subfield>
          </datafield>
          <datafield ind1=" " ind2=" " tag="338">
            <subfield code="b">nc</subfield>
            <subfield code="2">rdacarrier</subfield>
          </datafield>
          <datafield ind1=" " ind2=" " tag="348">
            <subfield code="a">Stimme</subfield>
            <subfield code="2">gnd-music</subfield>
          </datafield>
          <datafield ind1=" " ind2=" " tag="382">
            <subfield code="a">Singstimme</subfield>
            <subfield code="n">1</subfield>
            <subfield code="a">Flöte</subfield>
            <subfield code="n">2</subfield>
            <subfield code="a">Oboe</subfield>
            <subfield code="n">2</subfield>
            <subfield code="a">Trompete</subfield>
            <subfield code="n">2</subfield>
            <subfield code="a">Violine</subfield>
            <subfield code="n">1</subfield>
            <subfield code="a">Viola</subfield>
            <subfield code="n">2</subfield>
            <subfield code="a">Violoncello</subfield>
            <subfield code="n">1</subfield>
            <subfield code="a">Basso continuo</subfield>
            <subfield code="n">1</subfield>
            <subfield code="2">idsmusi</subfield>
          </datafield>
          <datafield ind1=" " ind2=" " tag="500">
            <subfield code="a">Quelle der Vorlage (Musikdruck/Handschrift): [RISM] I-Bsp, L-6-P</subfield>
          </datafield>
          <datafield ind1=" " ind2=" " tag="500">
            <subfield code="a">Verzeichnis Giegling: P. 123</subfield>
          </datafield>
          <datafield ind1=" " ind2=" " tag="500">
            <subfield code="a">Partitur, die als handschriftliche Abschrift einzelner Stimmen erstellt wurde (Sparte)</subfield>
          </datafield>
          <datafield ind1=" " ind2=" " tag="546">
            <subfield code="b">Liniennotation</subfield>
          </datafield>
          <datafield ind1=" " ind2="7" tag="655">
            <subfield code="a">Konzert</subfield>
            <subfield code="y">18. Jh.</subfield>
            <subfield code="2">idsmusg</subfield>
          </datafield>
          <datafield ind1=" " ind2=" " tag="690">
            <subfield code="a">SCB Mikrofilmarchiv</subfield>
            <subfield code="2">ubs-A2</subfield>
          </datafield>
          <datafield ind1=" " ind2=" " tag="690">
            <subfield code="a">Instrumentalmusik, Vokalmusik, geistlich</subfield>
            <subfield code="2">ubs-A2</subfield>
          </datafield>
          <datafield ind1=" " ind2=" " tag="690">
            <subfield code="a">Konzert</subfield>
            <subfield code="q">Singstimme, Flöte (2), Oboe (2), Trompete (2), Violine, Viola (2), Violoncello, Basso continuo</subfield>
            <subfield code="t">18. Jh.</subfield>
            <subfield code="v">Noten</subfield>
            <subfield code="2">ids-music</subfield>
          </datafield>
          <datafield ind1="1" ind2=" " tag="700">
            <subfield code="a">Giegling, Franz</subfield>
            <subfield code="d">1921-2007</subfield>
            <subfield code="e">Mitwirkender</subfield>
            <subfield code="4">ctb</subfield>
          </datafield>
          <datafield ind1="0" ind2="1" tag="852">
            <subfield code="a">41SLSP_UBS</subfield>
            <subfield code="6">9971505770105504</subfield>
            <subfield code="9">P</subfield>
          </datafield>
          <datafield ind1=" " ind2=" " tag="900">
            <subfield code="a">IDSIxunikat</subfield>
          </datafield>
          <datafield ind1=" " ind2=" " tag="900">
            <subfield code="a">IDSDSStoppsignal FRED</subfield>
          </datafield>
        </record>
      </recordData>
      <recordIdentifier>991136470899705501</recordIdentifier>
      <recordPosition>40</recordPosition>
    </record>