
    <record>
      <recordSchema>marcxml</recordSchema>
      <recordPacking>xml</recordPacking>
      <recordData>
        <record xmlns="http://www.loc.gov/MARC21/slim">
          <leader>01444nam a22003252c 4500</leader>
          <controlfield tag="001">991143682759705501</controlfield>
          <controlfield tag="005">20201231183752.0</controlfield>
          <controlfield tag="008">201012s1916    gw ||||| |||| 00| ||ger d</controlfield>
          <datafield ind1=" " ind2=" " tag="035">
            <subfield code="a">(swissbib)242642403-41slsp_network</subfield>
          </datafield>
          <datafield ind1=" " ind2=" " tag="035">
            <subfield code="a">242642403</subfield>
            <subfield code="9">ExL</subfield>
          </datafield>
          <datafield ind1=" " ind2=" " tag="035">
            <subfield code="a">(RERO)R278751160-41slsp</subfield>
          </datafield>
          <datafield ind1=" " ind2=" " tag="035">
            <subfield code="a">(IDSBB)004030528DSV01</subfield>
          </datafield>
          <datafield ind1=" " ind2=" " tag="040">
            <subfield code="a">RERO gevbpu</subfield>
            <subfield code="d">CH-ZuSLS</subfield>
          </datafield>
          <datafield ind1=" " ind2="7" tag="072">
            <subfield code="a">gr</subfield>
            <subfield code="2">rero</subfield>
          </datafield>
          <datafield ind1="1" ind2=" " tag="100">
            <subfield code="a">Brugmann, Karl</subfield>
            <subfield code="d">1849-1919</subfield>
            <subfield code="6">880-01</subfield>
          </datafield>
          <datafield ind1="1" ind2=" " tag="880">
            <subfield code="a">Brugmann, Karl</subfield>
            <subfield code="0">(RERO)A003049858</subfield>
            <subfield code="4">cre</subfield>
            <subfield code="6">100-01</subfield>
          </datafield>
          <datafield ind1="1" ind2="0" tag="245">
            <subfield code="a">"Eirēnē"</subfield>
            <subfield code="b">eine sprachgeschichtliche Untersuchung</subfield>
            <subfield code="c">Karl Brugmann</subfield>
          </datafield>
          <datafield ind1=" " ind2="1" tag="264">
            <subfield code="a">Leipzig</subfield>
            <subfield code="b">B.G. Teubner</subfield>
            <subfield code="c">1916</subfield>
          </datafield>
          <datafield ind1=" " ind2=" " tag="300">
            <subfield code="a">1 vol.</subfield>
            <subfield code="c">24 cm</subfield>
          </datafield>
          <datafield ind1=" " ind2=" " tag="336">
            <subfield code="b">txt</subfield>
            <subfield code="2">rdacontent</subfield>
          </datafield>
          <datafield ind1=" " ind2=" " tag="337">
            <subfield code="b">n</subfield>
            <subfield code="2">rdamedia</subfield>
          </datafield>
          <datafield ind1=" " ind2=" " tag="338">
            <subfield code="b">nc</subfield>
            <subfield code="2">rdacarrier</subfield>
          </datafield>
          <datafield ind1="1" ind2=" " tag="490">
            <subfield code="a">Berichte über die Verhandlungen der Königl. Sächsischen Gesellschaft der Wissenschaften zu Leipzig. Philologisch-historische Klasse</subfield>
            <subfield code="v">Bd. 68, H. 3</subfield>
          </datafield>
          <datafield ind1=" " ind2=" " tag="500">
            <subfield code="a">SA aus:Berichte über die Verhandlungen der Königlich Sächsischen Gesellschaft der Wissenschaften, philologisch-historische Klasse, 68(1916), H.3, S.1-23</subfield>
          </datafield>
          <datafield ind1=" " ind2="4" tag="650">
            <subfield code="a">Griechisch</subfield>
          </datafield>
          <datafield ind1=" " ind2="4" tag="650">
            <subfield code="a">Substantiv</subfield>
          </datafield>
          <datafield ind1=" " ind2="4" tag="650">
            <subfield code="a">eirēnē</subfield>
          </datafield>
          <datafield ind1=" " ind2=" " tag="830">
            <subfield code="a">Berichte über die Verhandlungen der Königlich Sächsischen Gesellschaft der Wissenschaften zu Leipzig, Philologisch-historische Klasse</subfield>
            <subfield code="v">68,3</subfield>
            <subfield code="w">(RERO)0809719-41slsp</subfield>
          </datafield>
          <datafield ind1="0" ind2="1" tag="852">
            <subfield code="a">41SLSP_UNE</subfield>
            <subfield code="6">991004498089705517</subfield>
            <subfield code="9">P</subfield>
          </datafield>
          <datafield ind1="0" ind2="1" tag="852">
            <subfield code="a">41SLSP_BCUFR</subfield>
            <subfield code="6">991011384509705509</subfield>
            <subfield code="9">P</subfield>
          </datafield>
          <datafield ind1="0" ind2="1" tag="852">
            <subfield code="a">41SLSP_VGE</subfield>
            <subfield code="6">991010877749705524</subfield>
            <subfield code="9">P</subfield>
          </datafield>
          <datafield ind1="0" ind2="1" tag="852">
            <subfield code="a">41SLSP_UBS</subfield>
            <subfield code="6">9940305280105504</subfield>
            <subfield code="9">P</subfield>
          </datafield>
          <datafield ind1=" " ind2=" " tag="900">
            <subfield code="a">REROnoselfmerge</subfield>
          </datafield>
          <datafield ind1=" " ind2=" " tag="900">
            <subfield code="a">IDSBBnoselfmerge</subfield>
          </datafield>
        </record>
      </recordData>
      <recordIdentifier>991143682759705501</recordIdentifier>
      <recordPosition>41</recordPosition>
    </record>