
    <record>
      <recordSchema>marcxml</recordSchema>
      <recordPacking>xml</recordPacking>
      <recordData>
        <record xmlns="http://www.loc.gov/MARC21/slim">
          <leader>03841nam a2200805 c 4500</leader>
          <controlfield tag="001">991012187859705501</controlfield>
          <controlfield tag="005">20201229224351.0</controlfield>
          <controlfield tag="008">201011s2005    gw       ||||u000 u ita|d</controlfield>
          <datafield ind1=" " ind2=" " tag="015">
            <subfield code="a">GFR-CIP-05,N06,2055</subfield>
            <subfield code="a">DNB-05,A35,1646</subfield>
          </datafield>
          <datafield ind1=" " ind2=" " tag="020">
            <subfield code="a">3772080960</subfield>
            <subfield code="q">Pp.</subfield>
            <subfield code="c">EUR 57.00, sfr 97.00</subfield>
          </datafield>
          <datafield ind1=" " ind2=" " tag="035">
            <subfield code="a">(swissbib)21103987X-41slsp_network</subfield>
          </datafield>
          <datafield ind1=" " ind2=" " tag="035">
            <subfield code="a">21103987X</subfield>
            <subfield code="9">ExL</subfield>
          </datafield>
          <datafield ind1=" " ind2=" " tag="035">
            <subfield code="a">(NEBIS)005053801EBI01</subfield>
          </datafield>
          <datafield ind1=" " ind2=" " tag="035">
            <subfield code="a">(RERO)R003835649-41slsp</subfield>
          </datafield>
          <datafield ind1=" " ind2=" " tag="035">
            <subfield code="a">(IDSBB)003608622DSV01</subfield>
          </datafield>
          <datafield ind1=" " ind2=" " tag="035">
            <subfield code="a">(IDSLU)000863960ILU01</subfield>
          </datafield>
          <datafield ind1=" " ind2=" " tag="040">
            <subfield code="a">DDB</subfield>
            <subfield code="d">CH-ZuSLS</subfield>
          </datafield>
          <datafield ind1="1" ind2=" " tag="041">
            <subfield code="a">fre</subfield>
            <subfield code="a">ita</subfield>
            <subfield code="h">lat</subfield>
          </datafield>
          <datafield ind1=" " ind2=" " tag="044">
            <subfield code="a">sz</subfield>
            <subfield code="c">ch-bs</subfield>
          </datafield>
          <datafield ind1=" " ind2="7" tag="072">
            <subfield code="a">fm</subfield>
            <subfield code="2">rero</subfield>
          </datafield>
          <datafield ind1=" " ind2="7" tag="072">
            <subfield code="a">fr</subfield>
            <subfield code="2">SzZuIDS BS/BE</subfield>
          </datafield>
          <datafield ind1=" " ind2="7" tag="072">
            <subfield code="a">560</subfield>
            <subfield code="2">IDS LU</subfield>
          </datafield>
          <datafield ind1="0" ind2="4" tag="082">
            <subfield code="a">871/.01</subfield>
            <subfield code="2">22</subfield>
          </datafield>
          <datafield ind1=" " ind2=" " tag="084">
            <subfield code="a">HH 4945</subfield>
            <subfield code="2">rvk</subfield>
          </datafield>
          <datafield ind1=" " ind2=" " tag="084">
            <subfield code="a">IE 4636</subfield>
            <subfield code="2">rvk</subfield>
          </datafield>
          <datafield ind1=" " ind2=" " tag="084">
            <subfield code="a">IE 8758</subfield>
            <subfield code="2">rvk</subfield>
          </datafield>
          <datafield ind1=" " ind2=" " tag="084">
            <subfield code="a">IT 5120</subfield>
            <subfield code="2">rvk</subfield>
          </datafield>
          <datafield ind1="1" ind2=" " tag="100">
            <subfield code="a">Barbieri, Luca</subfield>
            <subfield code="d">1966-....</subfield>
            <subfield code="4">cre</subfield>
          </datafield>
          <datafield ind1="1" ind2="0" tag="245">
            <subfield code="a">&lt;&lt;Le&gt;&gt; "epistole delle dame di Grecia" nel "Roman de Troie" in prosa</subfield>
            <subfield code="b">la prima traduzione francese delle "Eroidi" di Ovidio</subfield>
            <subfield code="c">Luca Barbieri</subfield>
          </datafield>
          <datafield ind1=" " ind2="1" tag="264">
            <subfield code="a">Tübingen</subfield>
            <subfield code="b">Francke</subfield>
            <subfield code="c">2005</subfield>
          </datafield>
          <datafield ind1=" " ind2=" " tag="300">
            <subfield code="a">XV, 349 p.</subfield>
            <subfield code="b">ill.</subfield>
            <subfield code="c">25 cm</subfield>
          </datafield>
          <datafield ind1=" " ind2=" " tag="336">
            <subfield code="b">txt</subfield>
            <subfield code="2">rdacontent</subfield>
          </datafield>
          <datafield ind1=" " ind2=" " tag="337">
            <subfield code="b">n</subfield>
            <subfield code="2">rdamedia</subfield>
          </datafield>
          <datafield ind1=" " ind2=" " tag="338">
            <subfield code="b">nc</subfield>
            <subfield code="2">rdacarrier</subfield>
          </datafield>
          <datafield ind1="1" ind2=" " tag="490">
            <subfield code="a">Romanica Helvetica</subfield>
            <subfield code="v">vol. 123</subfield>
          </datafield>
          <datafield ind1=" " ind2=" " tag="500">
            <subfield code="a">Contient la trad. en français du texte d'Ovide "Les epistres des dames de Grèce"</subfield>
          </datafield>
          <datafield ind1=" " ind2=" " tag="500">
            <subfield code="a">Enthält den Text "Heroides" von Ovidius und "Les epistres des dames de Grece" aus "Roman de Troie" von Benoît de Sainte-More</subfield>
          </datafield>
          <datafield ind1=" " ind2=" " tag="504">
            <subfield code="a">Literaturverz. S. 333 - 349</subfield>
          </datafield>
          <datafield ind1="0" ind2="7" tag="600">
            <subfield code="a">Ovid; Heroides</subfield>
            <subfield code="2">idszbz</subfield>
          </datafield>
          <datafield ind1="1" ind2="7" tag="600">
            <subfield code="a">Ovidius Naso, Publius</subfield>
            <subfield code="x">Übersetzung</subfield>
            <subfield code="t">Heroides</subfield>
            <subfield code="z">Mittelfranzösisch</subfield>
            <subfield code="t">Roman de Troie &lt;Prosa&gt;</subfield>
            <subfield code="x">Fassung 5</subfield>
            <subfield code="2">swd</subfield>
          </datafield>
          <datafield ind1="0" ind2="0" tag="600">
            <subfield code="a">Benoît</subfield>
            <subfield code="c">de Sainte-More</subfield>
            <subfield code="d">active 12th century</subfield>
            <subfield code="t">Roman de Troie</subfield>
          </datafield>
          <datafield ind1="0" ind2="0" tag="600">
            <subfield code="a">Ovid</subfield>
            <subfield code="d">43 B.C.-17 A.D. or 18 A.D.</subfield>
            <subfield code="t">Heroides</subfield>
          </datafield>
          <datafield ind1="0" ind2="0" tag="600">
            <subfield code="a">Ovid</subfield>
            <subfield code="d">43 B.C.-17 A.D. or 18 A.D.</subfield>
            <subfield code="x">Translations into French</subfield>
            <subfield code="x">History and criticism</subfield>
          </datafield>
          <datafield ind1="0" ind2="7" tag="600">
            <subfield code="a">Benoît (de Sainte-Maure).</subfield>
            <subfield code="t">Roman de Troie - sources</subfield>
            <subfield code="0">(RERO)A011488605</subfield>
            <subfield code="2">rero</subfield>
          </datafield>
          <datafield ind1="0" ind2="7" tag="600">
            <subfield code="a">Ovide</subfield>
            <subfield code="d">0043 av. J.-C.-0017</subfield>
            <subfield code="t">Heroides</subfield>
            <subfield code="2">idref</subfield>
          </datafield>
          <datafield ind1="0" ind2="7" tag="600">
            <subfield code="a">Ovidius</subfield>
            <subfield code="x">Heroides</subfield>
            <subfield code="x">Rezeption</subfield>
            <subfield code="2">idsbb</subfield>
          </datafield>
          <datafield ind1="0" ind2="7" tag="600">
            <subfield code="a">Benoît</subfield>
            <subfield code="c">de Sainte-Maure</subfield>
            <subfield code="x">&lt;&lt;Le&gt;&gt; roman de Troie</subfield>
            <subfield code="x">Quellen und Vorbilder</subfield>
            <subfield code="2">idsbb</subfield>
          </datafield>
          <datafield ind1="1" ind2="7" tag="600">
            <subfield code="a">Ovidius Naso, Publius</subfield>
            <subfield code="d">v43-17</subfield>
            <subfield code="t">Heroides</subfield>
            <subfield code="2">gnd</subfield>
          </datafield>
          <datafield ind1="2" ind2="7" tag="610">
            <subfield code="a">London</subfield>
            <subfield code="x">British Library</subfield>
            <subfield code="x">Histoire ancienne jusqu'à César</subfield>
            <subfield code="x">Handschrift</subfield>
            <subfield code="x">Ms. Royal 20 D. I</subfield>
            <subfield code="2">swd</subfield>
          </datafield>
          <datafield ind1="2" ind2="7" tag="610">
            <subfield code="a">London</subfield>
            <subfield code="g">Diözese</subfield>
            <subfield code="2">gnd</subfield>
          </datafield>
          <datafield ind1="0" ind2="7" tag="630">
            <subfield code="a">Roman de Troie (Prosa, Mittelfranzösisch)</subfield>
            <subfield code="2">idszbz</subfield>
          </datafield>
          <datafield ind1="0" ind2="7" tag="630">
            <subfield code="a">Roman de Troie (Prosa)</subfield>
            <subfield code="x">Fassung 5</subfield>
            <subfield code="2">swd</subfield>
          </datafield>
          <datafield ind1="0" ind2="7" tag="630">
            <subfield code="a">Histoire ancienne jusqu'à César</subfield>
            <subfield code="x">Handschrift</subfield>
            <subfield code="x">Ms. Royal 20 D. I</subfield>
            <subfield code="2">gnd</subfield>
          </datafield>
          <datafield ind1="0" ind2="7" tag="630">
            <subfield code="a">Histoire ancienne jusqu'à César</subfield>
            <subfield code="x">Handschrift</subfield>
            <subfield code="x">Ms. Royal 20 D. I</subfield>
            <subfield code="2">gnd</subfield>
          </datafield>
          <datafield ind1="0" ind2="7" tag="630">
            <subfield code="a">Roman de Troie</subfield>
            <subfield code="g">Prosa</subfield>
            <subfield code="p">Fassung 5</subfield>
            <subfield code="2">gnd</subfield>
          </datafield>
          <datafield ind1=" " ind2="7" tag="650">
            <subfield code="a">Mittelfranzösisch</subfield>
            <subfield code="2">idszbz</subfield>
          </datafield>
          <datafield ind1=" " ind2="7" tag="650">
            <subfield code="a">Übersetzung</subfield>
            <subfield code="2">idszbz</subfield>
          </datafield>
          <datafield ind1=" " ind2="7" tag="650">
            <subfield code="a">Handschrift</subfield>
            <subfield code="2">gnd</subfield>
          </datafield>
          <datafield ind1=" " ind2="7" tag="650">
            <subfield code="a">Traduction en français</subfield>
            <subfield code="0">(RERO)A021030847</subfield>
            <subfield code="2">rero</subfield>
          </datafield>
          <datafield ind1=" " ind2="7" tag="650">
            <subfield code="a">16e siècle</subfield>
            <subfield code="0">(RERO)A021017286</subfield>
            <subfield code="2">rero</subfield>
          </datafield>
          <datafield ind1=" " ind2="7" tag="650">
            <subfield code="a">Mittelfranzösisch</subfield>
            <subfield code="2">gnd</subfield>
          </datafield>
          <datafield ind1=" " ind2="7" tag="650">
            <subfield code="a">Übersetzung</subfield>
            <subfield code="2">gnd</subfield>
          </datafield>
          <datafield ind1="1" ind2="2" tag="700">
            <subfield code="a">Ovidius Naso, Publius</subfield>
            <subfield code="t">&lt;&lt;Les&gt;&gt; epistres des dames de Grèce</subfield>
          </datafield>
          <datafield ind1="0" ind2=" " tag="700">
            <subfield code="a">Benoît</subfield>
            <subfield code="c">de Sainte-More</subfield>
            <subfield code="d">ca. 2. H. 12. Jh.</subfield>
          </datafield>
          <datafield ind1="1" ind2="2" tag="700">
            <subfield code="a">Ovidius Naso, Publius</subfield>
            <subfield code="d">v43-17</subfield>
            <subfield code="t">Heroides</subfield>
          </datafield>
          <datafield ind1="1" ind2=" " tag="700">
            <subfield code="a">Ovidius Naso, Publius</subfield>
            <subfield code="d">v43-17</subfield>
          </datafield>
          <datafield ind1="4" ind2=" " tag="856">
            <subfield code="3">Inhaltsverzeichnis</subfield>
            <subfield code="u">http://www.ub.unibas.ch/tox/IDSLUZ/000863960/PDF</subfield>
            <subfield code="q">pdf</subfield>
          </datafield>
          <datafield ind1=" " ind2=" " tag="830">
            <subfield code="a">Romanica Helvetica</subfield>
            <subfield code="v">123</subfield>
            <subfield code="w">(NEBIS)000062978EBI01</subfield>
          </datafield>
          <datafield ind1="0" ind2="1" tag="852">
            <subfield code="a">41SLSP_UZB</subfield>
            <subfield code="6">990050538010205508</subfield>
            <subfield code="9">P</subfield>
          </datafield>
          <datafield ind1="0" ind2="1" tag="852">
            <subfield code="a">41SLSP_UGE</subfield>
            <subfield code="6">991000873259705502</subfield>
            <subfield code="9">P</subfield>
          </datafield>
          <datafield ind1="0" ind2="1" tag="852">
            <subfield code="a">41SLSP_UNE</subfield>
            <subfield code="6">991006172559705517</subfield>
            <subfield code="9">P</subfield>
          </datafield>
          <datafield ind1="0" ind2="1" tag="852">
            <subfield code="a">41SLSP_UBE</subfield>
            <subfield code="6">99116867690405511</subfield>
            <subfield code="9">P</subfield>
          </datafield>
          <datafield ind1="0" ind2="1" tag="852">
            <subfield code="a">41SLSP_RZS</subfield>
            <subfield code="6">998639600105505</subfield>
            <subfield code="9">P</subfield>
          </datafield>
          <datafield ind1="0" ind2="1" tag="852">
            <subfield code="a">41SLSP_BCUFR</subfield>
            <subfield code="6">991011194339705509</subfield>
            <subfield code="9">P</subfield>
          </datafield>
          <datafield ind1="0" ind2="1" tag="852">
            <subfield code="a">41SLSP_ZBS</subfield>
            <subfield code="6">9936086220105528</subfield>
            <subfield code="9">P</subfield>
          </datafield>
          <datafield ind1="0" ind2="1" tag="852">
            <subfield code="a">41SLSP_VGE</subfield>
            <subfield code="6">991008706789705524</subfield>
            <subfield code="9">P</subfield>
          </datafield>
          <datafield ind1="0" ind2="1" tag="852">
            <subfield code="a">41SLSP_UBS</subfield>
            <subfield code="6">9936086220105504</subfield>
            <subfield code="9">P</subfield>
          </datafield>
          <datafield ind1=" " ind2=" " tag="900">
            <subfield code="a">IDSZ2zbzmon200512p</subfield>
            <subfield code="c">IDSZ2gall</subfield>
            <subfield code="d">IDSZ2zbzswk200512b</subfield>
            <subfield code="e">IDSZ2boxm</subfield>
          </datafield>
          <datafield ind1=" " ind2=" " tag="900">
            <subfield code="a">REROnoselfmerge</subfield>
          </datafield>
        </record>
      </recordData>
      <recordIdentifier>991012187859705501</recordIdentifier>
      <recordPosition>42</recordPosition>
    </record>