
    <record>
      <recordSchema>marcxml</recordSchema>
      <recordPacking>xml</recordPacking>
      <recordData>
        <record xmlns="http://www.loc.gov/MARC21/slim">
          <leader>01188naa a2200241 c 4500</leader>
          <controlfield tag="001">991018602419705501</controlfield>
          <controlfield tag="005">20201227164641.0</controlfield>
          <controlfield tag="008">161206s2005    sz ||||| |||| 10| ||fre d</controlfield>
          <datafield ind1=" " ind2=" " tag="035">
            <subfield code="a">(swissbib)123461855-41slsp_network</subfield>
          </datafield>
          <datafield ind1=" " ind2=" " tag="035">
            <subfield code="a">123461855</subfield>
            <subfield code="9">ExL</subfield>
          </datafield>
          <datafield ind1=" " ind2=" " tag="035">
            <subfield code="a">(RERO)R008559546-41slsp</subfield>
          </datafield>
          <datafield ind1=" " ind2=" " tag="040">
            <subfield code="a">RERO gecaeg</subfield>
            <subfield code="d">CH-ZuSLS</subfield>
          </datafield>
          <datafield ind1=" " ind2="7" tag="072">
            <subfield code="a">sp</subfield>
            <subfield code="2">rero</subfield>
          </datafield>
          <datafield ind1=" " ind2="7" tag="072">
            <subfield code="a">ht</subfield>
            <subfield code="2">rero</subfield>
          </datafield>
          <datafield ind1="1" ind2=" " tag="100">
            <subfield code="a">Dufour, Alfred</subfield>
            <subfield code="d">1938-....</subfield>
            <subfield code="4">cre</subfield>
          </datafield>
          <datafield ind1="1" ind2="0" tag="245">
            <subfield code="a">&lt;&lt;L'&gt;&gt;"esprit de Genève" selon Robert de Traz</subfield>
            <subfield code="b">une mystique, une technique et un humanisme</subfield>
            <subfield code="c">Alfred Dufour</subfield>
          </datafield>
          <datafield ind1=" " ind2=" " tag="336">
            <subfield code="b">txt</subfield>
            <subfield code="2">rdacontent</subfield>
          </datafield>
          <datafield ind1=" " ind2=" " tag="337">
            <subfield code="b">n</subfield>
            <subfield code="2">rdamedia</subfield>
          </datafield>
          <datafield ind1=" " ind2=" " tag="338">
            <subfield code="b">nc</subfield>
            <subfield code="2">rdacarrier</subfield>
          </datafield>
          <datafield ind1=" " ind2=" " tag="580">
            <subfield code="a">In: Genève et la paix : acteurs et enjeux : trois siècles d'histoire : actes du colloque historique tenu au palais de l'Athénée, les 1-2-3 novembre 2001. - Genève : Association "Genève : un lieu pour la paix", 2005. - P. 259-269</subfield>
          </datafield>
          <datafield ind1="1" ind2="7" tag="600">
            <subfield code="a">Traz, Robert de.</subfield>
            <subfield code="t">L'esprit de Genève</subfield>
            <subfield code="0">(RERO)A010218306</subfield>
            <subfield code="2">rero</subfield>
          </datafield>
          <datafield ind1="0" ind2=" " tag="773">
            <subfield code="t">Genève et la paix : acteurs et enjeux : trois siècles d'histoire : actes du colloque historique tenu au palais de l'Athénée, les 1-2-3 novembre 2001</subfield>
            <subfield code="g">259</subfield>
            <subfield code="w">(RERO)R004214448-41slsp</subfield>
          </datafield>
          <datafield ind1="0" ind2="1" tag="852">
            <subfield code="a">41SLSP_RRO</subfield>
            <subfield code="6">991001404919705525</subfield>
            <subfield code="9">P</subfield>
          </datafield>
          <datafield ind1=" " ind2=" " tag="900">
            <subfield code="a">REROnoselfmerge</subfield>
          </datafield>
        </record>
      </recordData>
      <recordIdentifier>991018602419705501</recordIdentifier>
      <recordPosition>43</recordPosition>
    </record>