
    <record>
      <recordSchema>marcxml</recordSchema>
      <recordPacking>xml</recordPacking>
      <recordData>
        <record xmlns="http://www.loc.gov/MARC21/slim">
          <leader>01754nam a2200421 c 4500</leader>
          <controlfield tag="001">991077960729705501</controlfield>
          <controlfield tag="005">20201229223640.0</controlfield>
          <controlfield tag="008">201011s1996    gw ||||| |||| 00| ||ger d</controlfield>
          <datafield ind1=" " ind2=" " tag="020">
            <subfield code="a">3769615883</subfield>
          </datafield>
          <datafield ind1=" " ind2=" " tag="035">
            <subfield code="a">(swissbib)211488445-41slsp_network</subfield>
          </datafield>
          <datafield ind1=" " ind2=" " tag="035">
            <subfield code="a">211488445</subfield>
            <subfield code="9">ExL</subfield>
          </datafield>
          <datafield ind1=" " ind2=" " tag="035">
            <subfield code="a">(RERO)R214922560-41slsp</subfield>
          </datafield>
          <datafield ind1=" " ind2=" " tag="035">
            <subfield code="a">(IDSBB)001388242DSV01</subfield>
          </datafield>
          <datafield ind1=" " ind2=" " tag="040">
            <subfield code="a">RERO gevbpu</subfield>
            <subfield code="d">CH-ZuSLS</subfield>
          </datafield>
          <datafield ind1=" " ind2="7" tag="072">
            <subfield code="a">mu</subfield>
            <subfield code="2">rero</subfield>
          </datafield>
          <datafield ind1=" " ind2="7" tag="072">
            <subfield code="a">mu</subfield>
            <subfield code="2">SzZuIDS BS/BE</subfield>
          </datafield>
          <datafield ind1="1" ind2="4" tag="082">
            <subfield code="a">780</subfield>
            <subfield code="2">15</subfield>
          </datafield>
          <datafield ind1=" " ind2=" " tag="084">
            <subfield code="a">AX 17130</subfield>
            <subfield code="2">rvk</subfield>
          </datafield>
          <datafield ind1=" " ind2=" " tag="084">
            <subfield code="a">LP 38214</subfield>
            <subfield code="2">rvk</subfield>
          </datafield>
          <datafield ind1=" " ind2=" " tag="084">
            <subfield code="a">LP 63186</subfield>
            <subfield code="2">rvk</subfield>
          </datafield>
          <datafield ind1=" " ind2=" " tag="084">
            <subfield code="a">LR 32460</subfield>
            <subfield code="2">rvk</subfield>
          </datafield>
          <datafield ind1="1" ind2=" " tag="100">
            <subfield code="a">Göllner, Theodor</subfield>
            <subfield code="d">1929-</subfield>
            <subfield code="6">880-01</subfield>
          </datafield>
          <datafield ind1="1" ind2=" " tag="880">
            <subfield code="6">100-01</subfield>
            <subfield code="a">Göllner, Theodor</subfield>
            <subfield code="d">1929-....</subfield>
            <subfield code="4">cre</subfield>
          </datafield>
          <datafield ind1="1" ind2="0" tag="245">
            <subfield code="a">"Et incarnatus est" in Bachs h-moll-Messe und Beethovens Missa solemnis</subfield>
            <subfield code="b">vorgetragen in der Gesamtsitzung am 28. Oktober 1994</subfield>
            <subfield code="c">Theodor Göllner</subfield>
          </datafield>
          <datafield ind1=" " ind2="1" tag="264">
            <subfield code="a">München</subfield>
            <subfield code="b">Verlag der Bayerischen Akademie der Wissenschaften</subfield>
            <subfield code="c">1996</subfield>
          </datafield>
          <datafield ind1=" " ind2=" " tag="300">
            <subfield code="a">44 S.</subfield>
            <subfield code="b">Noten</subfield>
            <subfield code="c">22 cm</subfield>
          </datafield>
          <datafield ind1=" " ind2=" " tag="336">
            <subfield code="b">txt</subfield>
            <subfield code="2">rdacontent</subfield>
          </datafield>
          <datafield ind1=" " ind2=" " tag="337">
            <subfield code="b">n</subfield>
            <subfield code="2">rdamedia</subfield>
          </datafield>
          <datafield ind1=" " ind2=" " tag="338">
            <subfield code="b">nc</subfield>
            <subfield code="2">rdacarrier</subfield>
          </datafield>
          <datafield ind1="1" ind2=" " tag="490">
            <subfield code="a">Sitzungsberichte / Bayerische Akademie der Wissenschaften, Philosophisch-historische Klasse</subfield>
            <subfield code="v">Jhrg. 1996, Heft 4</subfield>
          </datafield>
          <datafield ind1=" " ind2=" " tag="500">
            <subfield code="a">Vorgetragen in der Gesamtsitzung am 28. Oktober 1994</subfield>
          </datafield>
          <datafield ind1="1" ind2="7" tag="600">
            <subfield code="a">Bach, Johann Sebastian.</subfield>
            <subfield code="t">h-Moll-Messe</subfield>
            <subfield code="0">(RERO)A010047974</subfield>
            <subfield code="2">rero</subfield>
          </datafield>
          <datafield ind1="1" ind2="7" tag="600">
            <subfield code="a">Beethoven, Ludwig van.</subfield>
            <subfield code="t">Messe op. 123</subfield>
            <subfield code="0">(RERO)A010050358</subfield>
            <subfield code="2">rero</subfield>
          </datafield>
          <datafield ind1="1" ind2="7" tag="600">
            <subfield code="a">Bach, Johann Sebastian</subfield>
            <subfield code="x">Messe h-Moll</subfield>
            <subfield code="2">idsbb</subfield>
          </datafield>
          <datafield ind1="1" ind2="7" tag="600">
            <subfield code="a">Beethoven, Ludwig van</subfield>
            <subfield code="x">Missa solemnis</subfield>
            <subfield code="2">idsbb</subfield>
          </datafield>
          <datafield ind1=" " ind2=" " tag="830">
            <subfield code="a">Sitzungsberichte</subfield>
            <subfield code="p">Philosophisch-historische Klasse</subfield>
            <subfield code="v">1996/4</subfield>
            <subfield code="w">(IDSBB)000036204DSV01</subfield>
          </datafield>
          <datafield ind1=" " ind2=" " tag="830">
            <subfield code="a">Sitzungsberichte</subfield>
            <subfield code="v">1996,4</subfield>
            <subfield code="w">(RERO)0010931-41slsp</subfield>
          </datafield>
          <datafield ind1="0" ind2="1" tag="852">
            <subfield code="a">41SLSP_UNE</subfield>
            <subfield code="6">991009212639705517</subfield>
            <subfield code="9">P</subfield>
          </datafield>
          <datafield ind1="0" ind2="1" tag="852">
            <subfield code="a">41SLSP_BCUFR</subfield>
            <subfield code="6">991005588049705509</subfield>
            <subfield code="9">P</subfield>
          </datafield>
          <datafield ind1="0" ind2="1" tag="852">
            <subfield code="a">41SLSP_VGE</subfield>
            <subfield code="6">991008277029705524</subfield>
            <subfield code="9">P</subfield>
          </datafield>
          <datafield ind1="0" ind2="1" tag="852">
            <subfield code="a">41SLSP_UBS</subfield>
            <subfield code="6">9913882420105504</subfield>
            <subfield code="9">P</subfield>
          </datafield>
          <datafield ind1=" " ind2=" " tag="900">
            <subfield code="a">REROnoselfmerge</subfield>
          </datafield>
        </record>
      </recordData>
      <recordIdentifier>991077960729705501</recordIdentifier>
      <recordPosition>44</recordPosition>
    </record>