
    <record>
      <recordSchema>marcxml</recordSchema>
      <recordPacking>xml</recordPacking>
      <recordData>
        <record xmlns="http://www.loc.gov/MARC21/slim">
          <leader>01056naa a2200241 c 4500</leader>
          <controlfield tag="001">991121720249705501</controlfield>
          <controlfield tag="005">20201126052006.0</controlfield>
          <controlfield tag="008">160316s2016    gw |||||      00| ||ger d</controlfield>
          <datafield ind1=" " ind2=" " tag="020">
            <subfield code="a">9783956501234</subfield>
          </datafield>
          <datafield ind1=" " ind2=" " tag="035">
            <subfield code="a">(swissbib)202431703-41slsp_network</subfield>
          </datafield>
          <datafield ind1=" " ind2=" " tag="035">
            <subfield code="a">202431703</subfield>
            <subfield code="9">ExL</subfield>
          </datafield>
          <datafield ind1=" " ind2=" " tag="035">
            <subfield code="a">(NEBIS)010608825EBI01</subfield>
          </datafield>
          <datafield ind1=" " ind2=" " tag="040">
            <subfield code="a">SzZuIDS NEBIS ZBZ</subfield>
            <subfield code="b">ger</subfield>
            <subfield code="e">rda</subfield>
            <subfield code="d">CH-ZuSLS</subfield>
          </datafield>
          <datafield ind1="0" ind2="0" tag="245">
            <subfield code="a">"Euer Leben fort zu dichten."</subfield>
            <subfield code="b">Friedrich Rückerts "Kindertodtenlieder" im literatur- und kulturgeschichtlichen Kontext</subfield>
            <subfield code="c">herausgegeben von Ralf Georg Czapla</subfield>
          </datafield>
          <datafield ind1=" " ind2="1" tag="264">
            <subfield code="a">Würzburg</subfield>
            <subfield code="b">Ergon Verlag</subfield>
            <subfield code="c">[2016]</subfield>
          </datafield>
          <datafield ind1=" " ind2=" " tag="300">
            <subfield code="a">449 Seiten</subfield>
            <subfield code="b">Illustrationen</subfield>
          </datafield>
          <datafield ind1=" " ind2=" " tag="336">
            <subfield code="b">txt</subfield>
            <subfield code="2">rdacontent</subfield>
          </datafield>
          <datafield ind1=" " ind2=" " tag="337">
            <subfield code="b">n</subfield>
            <subfield code="2">rdamedia</subfield>
          </datafield>
          <datafield ind1=" " ind2=" " tag="338">
            <subfield code="b">nc</subfield>
            <subfield code="2">rdacarrier</subfield>
          </datafield>
          <datafield ind1="1" ind2=" " tag="700">
            <subfield code="a">Czapla, Ralf Georg</subfield>
            <subfield code="d">1964-</subfield>
            <subfield code="e">Herausgeber</subfield>
            <subfield code="4">edt</subfield>
          </datafield>
          <datafield ind1="0" ind2=" " tag="773">
            <subfield code="t">Rückert-Studien</subfield>
            <subfield code="g">Band 21 (2016)</subfield>
            <subfield code="g">yr:2016</subfield>
            <subfield code="g">no:21</subfield>
            <subfield code="w">(NEBIS)000998220EBI01</subfield>
          </datafield>
          <datafield ind1="4" ind2=" " tag="856">
            <subfield code="3">Titelblatt und Inhaltsverzeichnis</subfield>
            <subfield code="u">https://toc.library.ethz.ch/objects/pdf03/z01_978-3-95650-123-4_01.pdf</subfield>
            <subfield code="q">pdf</subfield>
          </datafield>
          <datafield ind1=" " ind2=" " tag="900">
            <subfield code="a">IDSZ2zbzmon201603e</subfield>
            <subfield code="c">IDSZ2keel</subfield>
          </datafield>
        </record>
      </recordData>
      <recordIdentifier>991121720249705501</recordIdentifier>
      <recordPosition>45</recordPosition>
    </record>