
    <record>
      <recordSchema>marcxml</recordSchema>
      <recordPacking>xml</recordPacking>
      <recordData>
        <record xmlns="http://www.loc.gov/MARC21/slim">
          <leader>01952nam a2200469 c 4500</leader>
          <controlfield tag="001">991107423069705501</controlfield>
          <controlfield tag="005">20201229225226.0</controlfield>
          <controlfield tag="008">201011s2004    gw       m    00| | ger|d</controlfield>
          <datafield ind1=" " ind2=" " tag="015">
            <subfield code="a">GFR-CIP-04,N32,0355</subfield>
            <subfield code="a">DNB-04,A41,0325</subfield>
          </datafield>
          <datafield ind1=" " ind2=" " tag="019">
            <subfield code="a">Beck, Florence (1973-)</subfield>
          </datafield>
          <datafield ind1=" " ind2=" " tag="020">
            <subfield code="a">3631526660</subfield>
            <subfield code="c">kart. : EUR 56.50</subfield>
          </datafield>
          <datafield ind1=" " ind2=" " tag="035">
            <subfield code="a">(swissbib)213037173-41slsp_network</subfield>
          </datafield>
          <datafield ind1=" " ind2=" " tag="035">
            <subfield code="a">213037173</subfield>
            <subfield code="9">ExL</subfield>
          </datafield>
          <datafield ind1=" " ind2=" " tag="035">
            <subfield code="a">(IDSBB)003435498DSV01</subfield>
          </datafield>
          <datafield ind1=" " ind2=" " tag="035">
            <subfield code="a">(NEBIS)004813362EBI01</subfield>
          </datafield>
          <datafield ind1=" " ind2=" " tag="035">
            <subfield code="a">(DDB)97175442X</subfield>
          </datafield>
          <datafield ind1=" " ind2=" " tag="040">
            <subfield code="a">DDB</subfield>
            <subfield code="e">kids</subfield>
            <subfield code="d">CH-ZuSLS</subfield>
          </datafield>
          <datafield ind1=" " ind2="7" tag="072">
            <subfield code="a">rw</subfield>
            <subfield code="2">SzZuIDS BS/BE</subfield>
          </datafield>
          <datafield ind1="1" ind2="4" tag="082">
            <subfield code="a">340</subfield>
            <subfield code="2">15</subfield>
          </datafield>
          <datafield ind1=" " ind2=" " tag="084">
            <subfield code="a">PD 3340</subfield>
            <subfield code="2">rvk</subfield>
          </datafield>
          <datafield ind1="1" ind2=" " tag="100">
            <subfield code="a">Beck, Florence</subfield>
          </datafield>
          <datafield ind1="1" ind2="0" tag="245">
            <subfield code="a">"Fragerecht" und "Recht zur Lüge"</subfield>
            <subfield code="b">allgemeine Grundsätze und bereichsspezifische Besonderheiten der Anfechtbarkeit nach § 123 Abs. 1 Alt. 1 BGB bei einer Befragung des Täuschenden</subfield>
            <subfield code="c">Florence Beck</subfield>
          </datafield>
          <datafield ind1=" " ind2="1" tag="264">
            <subfield code="a">Frankfurt am Main</subfield>
            <subfield code="b">Lang</subfield>
            <subfield code="c">2004</subfield>
          </datafield>
          <datafield ind1=" " ind2=" " tag="300">
            <subfield code="a">XX, 326 S.</subfield>
          </datafield>
          <datafield ind1=" " ind2=" " tag="336">
            <subfield code="b">txt</subfield>
            <subfield code="2">rdacontent</subfield>
          </datafield>
          <datafield ind1=" " ind2=" " tag="337">
            <subfield code="b">n</subfield>
            <subfield code="2">rdamedia</subfield>
          </datafield>
          <datafield ind1=" " ind2=" " tag="338">
            <subfield code="b">nc</subfield>
            <subfield code="2">rdacarrier</subfield>
          </datafield>
          <datafield ind1="1" ind2=" " tag="490">
            <subfield code="a">Europäische Hochschulschriften. Reihe 2, Rechtswissenschaft</subfield>
            <subfield code="v">Bd. 4021</subfield>
          </datafield>
          <datafield ind1=" " ind2=" " tag="502">
            <subfield code="a">Zugl.: Marburg, Univ., Diss., 2004</subfield>
          </datafield>
          <datafield ind1=" " ind2="7" tag="650">
            <subfield code="a">Arbeitsrecht</subfield>
            <subfield code="x">Lüge</subfield>
            <subfield code="z">Deutschland (BRD)</subfield>
            <subfield code="2">idsbb</subfield>
          </datafield>
          <datafield ind1=" " ind2="7" tag="650">
            <subfield code="a">Lüge</subfield>
            <subfield code="x">Arbeitsrecht</subfield>
            <subfield code="z">Deutschland (BRD)</subfield>
            <subfield code="2">idsbb</subfield>
          </datafield>
          <datafield ind1=" " ind2="7" tag="650">
            <subfield code="a">Lüge</subfield>
            <subfield code="x">Miete</subfield>
            <subfield code="z">Deutschland (BRD)</subfield>
            <subfield code="2">idsbb</subfield>
          </datafield>
          <datafield ind1=" " ind2="7" tag="650">
            <subfield code="a">Miete</subfield>
            <subfield code="x">Lüge</subfield>
            <subfield code="z">Deutschland (BRD)</subfield>
            <subfield code="2">idsbb</subfield>
          </datafield>
          <datafield ind1=" " ind2="7" tag="650">
            <subfield code="a">Anfechtung</subfield>
            <subfield code="2">gnd</subfield>
          </datafield>
          <datafield ind1=" " ind2="7" tag="650">
            <subfield code="a">Beschränkung</subfield>
            <subfield code="2">gnd</subfield>
          </datafield>
          <datafield ind1=" " ind2="7" tag="650">
            <subfield code="a">Fragerecht</subfield>
            <subfield code="2">gnd</subfield>
          </datafield>
          <datafield ind1=" " ind2="7" tag="650">
            <subfield code="a">Verhandlung</subfield>
            <subfield code="2">gnd</subfield>
          </datafield>
          <datafield ind1=" " ind2="7" tag="650">
            <subfield code="a">Zulässigkeit</subfield>
            <subfield code="2">gnd</subfield>
          </datafield>
          <datafield ind1=" " ind2="7" tag="651">
            <subfield code="a">Deutschland</subfield>
            <subfield code="2">gnd</subfield>
          </datafield>
          <datafield ind1=" " ind2="7" tag="655">
            <subfield code="a">Hochschulschrift</subfield>
            <subfield code="2">gnd-content</subfield>
          </datafield>
          <datafield ind1=" " ind2=" " tag="830">
            <subfield code="a">Europäische Hochschulschriften</subfield>
            <subfield code="p">Reihe 2, Rechtswissenschaft</subfield>
            <subfield code="v">4021</subfield>
            <subfield code="w">(NEBIS)000058234EBI01</subfield>
          </datafield>
          <datafield ind1="0" ind2="1" tag="852">
            <subfield code="a">41SLSP_UZB</subfield>
            <subfield code="6">990048133620205508</subfield>
            <subfield code="9">P</subfield>
          </datafield>
          <datafield ind1="0" ind2="1" tag="852">
            <subfield code="a">41SLSP_UBE</subfield>
            <subfield code="6">99116837074905511</subfield>
            <subfield code="9">P</subfield>
          </datafield>
          <datafield ind1="0" ind2="1" tag="852">
            <subfield code="a">41SLSP_UBS</subfield>
            <subfield code="6">9934354980105504</subfield>
            <subfield code="9">P</subfield>
          </datafield>
          <datafield ind1=" " ind2=" " tag="900">
            <subfield code="a">IDSZ2rwimon200411f</subfield>
            <subfield code="c">IDSZ2rosi 041110</subfield>
            <subfield code="d">IDSZ2rwiswk200412b</subfield>
            <subfield code="e">IDSZ2freid</subfield>
          </datafield>
        </record>
      </recordData>
      <recordIdentifier>991107423069705501</recordIdentifier>
      <recordPosition>46</recordPosition>
    </record>