
    <record>
      <recordSchema>marcxml</recordSchema>
      <recordPacking>xml</recordPacking>
      <recordData>
        <record xmlns="http://www.loc.gov/MARC21/slim">
          <leader>02767nam a2200685 c 4500</leader>
          <controlfield tag="001">991006328999705501</controlfield>
          <controlfield tag="005">20210208164216.0</controlfield>
          <controlfield tag="008">201011s2019    au       |||| 000 0 ger|d</controlfield>
          <datafield ind1=" " ind2=" " tag="015">
            <subfield code="a">18,N49</subfield>
            <subfield code="2">dnb</subfield>
          </datafield>
          <datafield ind1="7" ind2=" " tag="016">
            <subfield code="a">1172439877</subfield>
            <subfield code="2">DE-101</subfield>
          </datafield>
          <datafield ind1=" " ind2=" " tag="020">
            <subfield code="a">3218011620</subfield>
          </datafield>
          <datafield ind1=" " ind2=" " tag="020">
            <subfield code="a">9783218011624</subfield>
            <subfield code="q">Festeinband</subfield>
          </datafield>
          <datafield ind1="3" ind2=" " tag="024">
            <subfield code="a">9783218011624</subfield>
          </datafield>
          <datafield ind1=" " ind2=" " tag="035">
            <subfield code="a">(swissbib)213289202-41slsp_network</subfield>
          </datafield>
          <datafield ind1=" " ind2=" " tag="035">
            <subfield code="a">213289202</subfield>
            <subfield code="9">ExL</subfield>
          </datafield>
          <datafield ind1=" " ind2=" " tag="035">
            <subfield code="a">(NEBIS)011445606EBI01</subfield>
          </datafield>
          <datafield ind1=" " ind2=" " tag="035">
            <subfield code="a">(IDSBB)007189852DSV01</subfield>
          </datafield>
          <datafield ind1=" " ind2=" " tag="035">
            <subfield code="a">(RERO)R008933924-41slsp</subfield>
          </datafield>
          <datafield ind1=" " ind2=" " tag="035">
            <subfield code="a">(OCoLC)1078166702</subfield>
          </datafield>
          <datafield ind1=" " ind2=" " tag="040">
            <subfield code="a">GWDNB</subfield>
            <subfield code="b">ger</subfield>
            <subfield code="e">rda</subfield>
            <subfield code="d">CH-ZuSLS</subfield>
          </datafield>
          <datafield ind1=" " ind2=" " tag="044">
            <subfield code="c">AT</subfield>
          </datafield>
          <datafield ind1=" " ind2="7" tag="072">
            <subfield code="a">al</subfield>
            <subfield code="2">rero</subfield>
          </datafield>
          <datafield ind1="0" ind2="4" tag="082">
            <subfield code="a">830.994361309034</subfield>
            <subfield code="2">23/ger</subfield>
          </datafield>
          <datafield ind1="0" ind2="4" tag="082">
            <subfield code="a">900</subfield>
            <subfield code="q">DE-101</subfield>
          </datafield>
          <datafield ind1="1" ind2="4" tag="082">
            <subfield code="a">830</subfield>
            <subfield code="2">15</subfield>
          </datafield>
          <datafield ind1=" " ind2=" " tag="084">
            <subfield code="a">GM 1506</subfield>
            <subfield code="2">rvk</subfield>
          </datafield>
          <datafield ind1=" " ind2=" " tag="084">
            <subfield code="a">GM 3775</subfield>
            <subfield code="2">rvk</subfield>
          </datafield>
          <datafield ind1=" " ind2=" " tag="084">
            <subfield code="a">GM 5518</subfield>
            <subfield code="2">rvk</subfield>
          </datafield>
          <datafield ind1=" " ind2=" " tag="084">
            <subfield code="a">900</subfield>
            <subfield code="2">sdnb</subfield>
          </datafield>
          <datafield ind1="1" ind2=" " tag="100">
            <subfield code="6">880-01</subfield>
            <subfield code="a">Österle, David</subfield>
            <subfield code="e">Verfasser</subfield>
            <subfield code="4">aut</subfield>
          </datafield>
          <datafield ind1="1" ind2=" " tag="880">
            <subfield code="6">100-01</subfield>
            <subfield code="a">Österle, David</subfield>
            <subfield code="0">(RERO)A025096410</subfield>
            <subfield code="4">aut</subfield>
          </datafield>
          <datafield ind1="1" ind2="0" tag="245">
            <subfield code="a">"Freunde sind wir ja eigentlich nicht"</subfield>
            <subfield code="b">Hofmannsthal, Schnitzler und das Junge Wien</subfield>
            <subfield code="c">David Österle</subfield>
          </datafield>
          <datafield ind1=" " ind2="1" tag="264">
            <subfield code="a">Wien</subfield>
            <subfield code="b">Kremayr &amp; Scheriau</subfield>
            <subfield code="c">[2019]</subfield>
          </datafield>
          <datafield ind1=" " ind2=" " tag="300">
            <subfield code="a">224 Seiten</subfield>
            <subfield code="b">Illustrationen</subfield>
            <subfield code="c">24 cm x 17 cm</subfield>
          </datafield>
          <datafield ind1=" " ind2=" " tag="336">
            <subfield code="b">txt</subfield>
            <subfield code="2">rdacontent</subfield>
          </datafield>
          <datafield ind1=" " ind2=" " tag="337">
            <subfield code="b">n</subfield>
            <subfield code="2">rdamedia</subfield>
          </datafield>
          <datafield ind1=" " ind2=" " tag="338">
            <subfield code="b">nc</subfield>
            <subfield code="2">rdacarrier</subfield>
          </datafield>
          <datafield ind1="1" ind2="7" tag="600">
            <subfield code="a">Hofmannsthal, Hugo &lt;&lt;von&gt;&gt;</subfield>
            <subfield code="d">1874-1929</subfield>
            <subfield code="2">gnd</subfield>
          </datafield>
          <datafield ind1="1" ind2="7" tag="600">
            <subfield code="a">Schnitzler, Arthur</subfield>
            <subfield code="d">1862-1931</subfield>
            <subfield code="2">gnd</subfield>
          </datafield>
          <datafield ind1="1" ind2="7" tag="600">
            <subfield code="a">Schnitzler, Arthur</subfield>
            <subfield code="d">1862-1931</subfield>
            <subfield code="2">idref</subfield>
          </datafield>
          <datafield ind1="1" ind2="7" tag="600">
            <subfield code="a">Hofmannsthal, Hugo von</subfield>
            <subfield code="d">1874-1929</subfield>
            <subfield code="2">idref</subfield>
          </datafield>
          <datafield ind1="1" ind2="7" tag="600">
            <subfield code="a">Salten, Felix</subfield>
            <subfield code="d">1869-1945</subfield>
            <subfield code="2">idref</subfield>
          </datafield>
          <datafield ind1="1" ind2="7" tag="600">
            <subfield code="a">Bahr, Hermann</subfield>
            <subfield code="d">1863-1934</subfield>
            <subfield code="2">idref</subfield>
          </datafield>
          <datafield ind1="2" ind2="7" tag="610">
            <subfield code="a">Jung-Wien (Autriche)</subfield>
            <subfield code="0">(RERO)A028081729</subfield>
            <subfield code="2">rero</subfield>
          </datafield>
          <datafield ind1=" " ind2="7" tag="648">
            <subfield code="a">Geschichte 1890-1930</subfield>
            <subfield code="2">gnd</subfield>
          </datafield>
          <datafield ind1=" " ind2="7" tag="650">
            <subfield code="a">Geistesleben</subfield>
            <subfield code="2">gnd</subfield>
          </datafield>
          <datafield ind1=" " ind2="7" tag="650">
            <subfield code="a">Gesellschaftsleben</subfield>
            <subfield code="2">gnd</subfield>
          </datafield>
          <datafield ind1=" " ind2="7" tag="650">
            <subfield code="a">Jung-Wien</subfield>
            <subfield code="2">gnd</subfield>
          </datafield>
          <datafield ind1=" " ind2="7" tag="650">
            <subfield code="a">Écrivains</subfield>
            <subfield code="0">(RERO)A021102412</subfield>
            <subfield code="2">rero</subfield>
          </datafield>
          <datafield ind1=" " ind2="7" tag="650">
            <subfield code="a">Photographie</subfield>
            <subfield code="0">(RERO)A021002630</subfield>
            <subfield code="2">rero</subfield>
          </datafield>
          <datafield ind1=" " ind2="7" tag="650">
            <subfield code="a">Portraits de groupe</subfield>
            <subfield code="0">(RERO)A021029488</subfield>
            <subfield code="2">rero</subfield>
          </datafield>
          <datafield ind1=" " ind2="7" tag="650">
            <subfield code="a">Vie littéraire</subfield>
            <subfield code="0">(RERO)A021105666</subfield>
            <subfield code="2">rero</subfield>
          </datafield>
          <datafield ind1=" " ind2="7" tag="650">
            <subfield code="a">19e siècle (fin)-20e siècle (début)</subfield>
            <subfield code="0">(RERO)A022505713</subfield>
            <subfield code="2">rero</subfield>
          </datafield>
          <datafield ind1=" " ind2="7" tag="651">
            <subfield code="a">Wien</subfield>
            <subfield code="2">gnd</subfield>
          </datafield>
          <datafield ind1=" " ind2="7" tag="651">
            <subfield code="a">Vienne (Autriche)</subfield>
            <subfield code="0">(RERO)A010036341</subfield>
            <subfield code="2">rero</subfield>
          </datafield>
          <datafield ind1="4" ind2="2" tag="856">
            <subfield code="3">Inhaltstext</subfield>
            <subfield code="u">http://deposit.dnb.de/cgi-bin/dokserv?id=dbe5cce34870446c8fdfe6614e123ccb&amp;prov=M&amp;dok_var=1&amp;dok_ext=htm</subfield>
            <subfield code="q">text/html</subfield>
          </datafield>
          <datafield ind1="0" ind2="1" tag="852">
            <subfield code="a">41SLSP_UZB</subfield>
            <subfield code="6">990114456060205508</subfield>
            <subfield code="9">P</subfield>
          </datafield>
          <datafield ind1="0" ind2="1" tag="852">
            <subfield code="a">41SLSP_RZH</subfield>
            <subfield code="6">990114456060205526</subfield>
            <subfield code="9">P</subfield>
          </datafield>
          <datafield ind1="0" ind2="1" tag="852">
            <subfield code="a">41SLSP_UBE</subfield>
            <subfield code="6">99116744282005511</subfield>
            <subfield code="9">P</subfield>
          </datafield>
          <datafield ind1="0" ind2="1" tag="852">
            <subfield code="a">41SLSP_BCUFR</subfield>
            <subfield code="6">991011626749705509</subfield>
            <subfield code="9">P</subfield>
          </datafield>
          <datafield ind1="0" ind2="1" tag="852">
            <subfield code="a">41SLSP_UBS</subfield>
            <subfield code="6">9971898520105504</subfield>
            <subfield code="9">P</subfield>
          </datafield>
          <datafield ind1=" " ind2=" " tag="900">
            <subfield code="a">IDSZ2zbzmon202009l</subfield>
            <subfield code="c">IDSZ2meyc</subfield>
            <subfield code="d">IDSZ2zbzswk202009b</subfield>
            <subfield code="e">IDSZ2somm</subfield>
          </datafield>
          <datafield ind1=" " ind2=" " tag="900">
            <subfield code="a">IDSDSStoppsignal FRED</subfield>
          </datafield>
          <datafield ind1=" " ind2=" " tag="900">
            <subfield code="a">REROnoselfmerge</subfield>
          </datafield>
          <datafield ind1=" " ind2=" " tag="910">
            <subfield code="a">OCoLC</subfield>
            <subfield code="b">20190612</subfield>
            <subfield code="c">Réutilisation sous conditions: Licence ODC-BY</subfield>
          </datafield>
        </record>
      </recordData>
      <recordIdentifier>991006328999705501</recordIdentifier>
      <recordPosition>48</recordPosition>
    </record>