
    <record>
      <recordSchema>marcxml</recordSchema>
      <recordPacking>xml</recordPacking>
      <recordData>
        <record xmlns="http://www.loc.gov/MARC21/slim">
          <leader>00801naa a2200205uc 4500</leader>
          <controlfield tag="001">991024002479705501</controlfield>
          <controlfield tag="005">20201222194653.0</controlfield>
          <controlfield tag="008">950828s1995    gw            00| | mul d</controlfield>
          <datafield ind1=" " ind2=" " tag="035">
            <subfield code="a">(swissbib)029920507-41slsp_network</subfield>
          </datafield>
          <datafield ind1=" " ind2=" " tag="035">
            <subfield code="a">029920507</subfield>
            <subfield code="9">ExL</subfield>
          </datafield>
          <datafield ind1=" " ind2=" " tag="035">
            <subfield code="a">(IDSBB)001143734DSV01</subfield>
          </datafield>
          <datafield ind1=" " ind2=" " tag="040">
            <subfield code="a">SzZuIDS BS/BE B465</subfield>
            <subfield code="b">ger</subfield>
            <subfield code="e">kids</subfield>
            <subfield code="d">CH-ZuSLS</subfield>
          </datafield>
          <datafield ind1="0" ind2=" " tag="041">
            <subfield code="a">ita</subfield>
            <subfield code="a">lat</subfield>
          </datafield>
          <datafield ind1="1" ind2=" " tag="100">
            <subfield code="a">Pace, Giacomo</subfield>
          </datafield>
          <datafield ind1="1" ind2="0" tag="245">
            <subfield code="a">"Garnerius Theutonicus"</subfield>
            <subfield code="b">nuove fonti su Irnerio e i "quattro dottori"</subfield>
            <subfield code="c">Giacomo Pace</subfield>
          </datafield>
          <datafield ind1=" " ind2=" " tag="336">
            <subfield code="b">txt</subfield>
            <subfield code="2">rdacontent</subfield>
          </datafield>
          <datafield ind1=" " ind2=" " tag="337">
            <subfield code="b">n</subfield>
            <subfield code="2">rdamedia</subfield>
          </datafield>
          <datafield ind1=" " ind2=" " tag="338">
            <subfield code="b">nc</subfield>
            <subfield code="2">rdacarrier</subfield>
          </datafield>
          <datafield ind1=" " ind2=" " tag="500">
            <subfield code="a">Ebenfalls in: Rivista internazionale di diritto comune, 2 (1991) 123-133</subfield>
          </datafield>
          <datafield ind1="0" ind2=" " tag="773">
            <subfield code="t">Miscellanea Domenico Maffei dicata : historia, ius, studium</subfield>
            <subfield code="d">Goldbach : Keip Verl., 1995</subfield>
            <subfield code="g">Bd.1, S. 91-101</subfield>
            <subfield code="q">1/91</subfield>
            <subfield code="w">(IDSBB)001143504DSV01</subfield>
          </datafield>
        </record>
      </recordData>
      <recordIdentifier>991024002479705501</recordIdentifier>
      <recordPosition>49</recordPosition>
    </record>