
    <record>
      <recordSchema>marcxml</recordSchema>
      <recordPacking>xml</recordPacking>
      <recordData>
        <record xmlns="http://www.loc.gov/MARC21/slim">
          <leader>01600nam  2200349 i 4500</leader>
          <controlfield tag="001">991170539985105501</controlfield>
          <controlfield tag="005">20170814190450.0</controlfield>
          <controlfield tag="006">m     o  d |</controlfield>
          <controlfield tag="007">cr -n---------</controlfield>
          <controlfield tag="008">160822t20122012gw      o     000 0 ger d</controlfield>
          <datafield ind1=" " ind2=" " tag="020">
            <subfield code="a">3-7668-4235-8</subfield>
          </datafield>
          <datafield ind1=" " ind2=" " tag="035">
            <subfield code="a">(CKB)2670000000317571</subfield>
          </datafield>
          <datafield ind1=" " ind2=" " tag="035">
            <subfield code="a">(EBL)1104189</subfield>
          </datafield>
          <datafield ind1=" " ind2=" " tag="035">
            <subfield code="a">(OCoLC)823723473</subfield>
          </datafield>
          <datafield ind1=" " ind2=" " tag="035">
            <subfield code="a">(MiAaPQ)EBC1104189</subfield>
          </datafield>
          <datafield ind1=" " ind2=" " tag="035">
            <subfield code="a">(EXLCZ)992670000000317571</subfield>
          </datafield>
          <datafield ind1=" " ind2=" " tag="040">
            <subfield code="a">MiAaPQ</subfield>
            <subfield code="b">eng</subfield>
            <subfield code="e">rda</subfield>
            <subfield code="e">pn</subfield>
            <subfield code="c">MiAaPQ</subfield>
            <subfield code="d">MiAaPQ</subfield>
          </datafield>
          <datafield ind1=" " ind2="4" tag="050">
            <subfield code="a">BX6154</subfield>
            <subfield code="b">.G688 2012</subfield>
          </datafield>
          <datafield ind1="0" ind2="0" tag="082">
            <subfield code="a">200</subfield>
          </datafield>
          <datafield ind1="0" ind2="0" tag="245">
            <subfield code="a">"Gott hat das in Auftrag gegeben" :</subfield>
            <subfield code="b">mit Kindern über Schöpfung und Weltentstehung nachdenken /</subfield>
            <subfield code="c">herausgegeben von Christina Kalloch und Martin Schreiner.</subfield>
          </datafield>
          <datafield ind1=" " ind2="1" tag="264">
            <subfield code="a">Stuttgart, [Germany] :</subfield>
            <subfield code="b">Calwer Verlag,</subfield>
            <subfield code="c">2012.</subfield>
          </datafield>
          <datafield ind1=" " ind2="4" tag="264">
            <subfield code="c">©2012</subfield>
          </datafield>
          <datafield ind1=" " ind2=" " tag="300">
            <subfield code="a">1 online resource (342 p.)</subfield>
          </datafield>
          <datafield ind1=" " ind2=" " tag="336">
            <subfield code="a">text</subfield>
            <subfield code="2">rdacontent</subfield>
          </datafield>
          <datafield ind1=" " ind2=" " tag="337">
            <subfield code="a">computer</subfield>
            <subfield code="2">rdamedia</subfield>
          </datafield>
          <datafield ind1=" " ind2=" " tag="338">
            <subfield code="a">online resource</subfield>
            <subfield code="2">rdacarrier</subfield>
          </datafield>
          <datafield ind1="1" ind2=" " tag="490">
            <subfield code="a">Jahrbuch für Kindertheologie ;</subfield>
            <subfield code="v">Band 11</subfield>
          </datafield>
          <datafield ind1=" " ind2=" " tag="500">
            <subfield code="a">Description based upon print version of record.</subfield>
          </datafield>
          <datafield ind1="0" ind2=" " tag="505">
            <subfield code="a">CONTENTS; Vorwort; I. THEORETISCHE GRUNDLAGEN UND EMPIRISCHE EINBLICKE; Die Kindertheologie und die Theologie; Junge Kinder als »intuitive Theoretiker ihrer gesamten Welt«?Forschungsergebnisse zu Wissenslandkarten bei jungen Kindern; »Adam ist der mit dem Speer!«Philosophieren mit Kindern über den Ursprung der Erde und des Lebens; »Gott hat die Welt erschaffen - aber eigentlich ist sie so entstanden ...«.Biblische Schöpfungsgeschichten und naturwissenschaftliche Erklärungsmodelle -ein Dilemma für Grundschulkinder?</subfield>
          </datafield>
          <datafield ind1="8" ind2=" " tag="505">
            <subfield code="a">»Er ist ein ekelhaftes Tier. Der Wurm ist auch dreckig und glatt« -Theologisieren und experimentieren mit Kindern zum ThemaSchöpfung und Verantwortung»Gott schickte zwei Boten, sie sollten zwei Planeten aneinander prallen lassen.«Empirische Erkundungen zum Verständnis von Weltentstehung und Schöpfungbei Kindern; Hund - Schlange - Maus. Tiere als Zugang zur Schöpfungin kindertheologischer Perspektive; »Das sind ja so schwierige Fragen.« -Einblicke in die praktische Arbeit einer Kasseler Forschungswerkstatt; II. PÄDAGOGISCHE ANREGUNGEN</subfield>
          </datafield>
          <datafield ind1="8" ind2=" " tag="505">
            <subfield code="a">Erde, Sonne, Mond und Sterne. Kinderwissen als Ausgangspunktphilosophischer und theologischer Gespräche»Ich glaube manchmal, dass Gott die Erde erschaffen hat.Oder dass ein Urknall die Welt gemacht hat ...« -Weltbilder von Grundschulkindern heute; 1,2,3 ..., Gott - Unendlichkeit als Sinn-Wissen im Religionsunterrichtder Grundschule; »Aus der Schöpfung schöpfen.« -Ein Trickfilmprojekt im Religionsunterricht; Die Religiosität der Roma-kinder in der Slowakei; Bericht über die Aufführung des Singspiels »Diese Erde ist dein Garten«; III. Buchbesprechungen</subfield>
          </datafield>
          <datafield ind1="8" ind2=" " tag="505">
            <subfield code="a">Rainer Oberthür: Das Buch der Symbole. Auf Entdeckungsreise durch dieWelt der ReligionSarah-Lena Eikermann: Weltbilder von Grundschulkindern heute.Eine empirische Studie im Religionsunterricht; Delia Freudenreich: Spiritualität von Kindern. Was sie ausmachtund wie sie pädagogisch gefördert werden kann; Bibi Dumon Tak: Kuckuck, Krake, Kakerlake - Das etwas andere Tierhörbuch; Dieter Stork und Matthias Nagel: Diese Erde ist dein Garten.Ein Singspiel für Kinder zum Thema Schöpfung; Ulrich Walter: Der Schöpfungskreis.Zur Entdeckung biblischer Geschichten - Materialpaket</subfield>
          </datafield>
          <datafield ind1="8" ind2=" " tag="505">
            <subfield code="a">Rafik Schami: »Wie sehe ich aus«, fragte GottEva Zoller-Morf: Selber denken macht schlau.Philosophieren mit Kindern und Jugendlichen; Christine Reents und Christoph Melchior: Die Geschichte der KinderundSchulbibel. Evangelisch - katholisch - jüdisch; Die Autorinnen und Autoren</subfield>
          </datafield>
          <datafield ind1=" " ind2=" " tag="520">
            <subfield code="a">Hauptbeschreibung Schöpfung"" und ""Weltentstehung"" sind Themen, die Kinder bereits vom frühen Kindesalter an beschäftigen. Sie sind fester Bestandteil im Lehrplan der ""Schöpfung"" und ""Weltentstehung"" sind Themen, die Kinder bereits vom frühen Kindesalter an beschäftigen. Sie sind fester Bestandteil im Lehrplan der Primarstufe und eignen sich bestens für den fächerübergreifenden Unterricht.  Vorliegender Band aus der Reihe Jahrbuch für Kindertheologie zeigt, mit wie viel Kreativität und Ideen sich Kinder mit diesem Thema beschäftigen.  Das Theologisieren mit Kin</subfield>
          </datafield>
          <datafield ind1=" " ind2=" " tag="588">
            <subfield code="a">Description based on online resource; title from PDF title page (ebrary, viewed August 19, 2016).</subfield>
          </datafield>
          <datafield ind1=" " ind2="0" tag="650">
            <subfield code="a">Religion</subfield>
            <subfield code="x">Philosophy.</subfield>
          </datafield>
          <datafield ind1=" " ind2="4" tag="655">
            <subfield code="a">Electronic books.</subfield>
          </datafield>
          <datafield ind1=" " ind2=" " tag="776">
            <subfield code="z">3-7668-4222-6</subfield>
          </datafield>
          <datafield ind1="1" ind2=" " tag="700">
            <subfield code="a">Kalloch, Christina,</subfield>
            <subfield code="e">editor.</subfield>
          </datafield>
          <datafield ind1="1" ind2=" " tag="700">
            <subfield code="a">Schreiner, Martin,</subfield>
            <subfield code="e">editor.</subfield>
          </datafield>
          <datafield ind1=" " ind2="0" tag="830">
            <subfield code="a">Jahrbuch für Kindertheologie ;</subfield>
            <subfield code="v">Band 11.</subfield>
          </datafield>
          <datafield ind1="0" ind2="1" tag="852">
            <subfield code="a">41SLSP_RZH</subfield>
            <subfield code="6">99116699904905526</subfield>
            <subfield code="9">E</subfield>
          </datafield>
          <datafield ind1=" " ind2=" " tag="906">
            <subfield code="a">BOOK</subfield>
          </datafield>
        </record>
      </recordData>
      <recordIdentifier>991170539985105501</recordIdentifier>
      <recordPosition>50</recordPosition>
    </record>
  </records>
  <nextRecordPosition>51</nextRecordPosition>
  <extraResponseData xmlns:xb="http://www.exlibris.com/repository/search/xmlbeans/">
    <xb:exact>true</xb:exact>
    <xb:responseDate>2021-10-04T19:48:13+0200</xb:responseDate>
  </extraResponseData>
</searchRetrieveResponse>
